2946 5086
1311 136 1375 240 147

74 349 148 416 cibo
169 304 300 438 intplcti
322 347 365 414 de
384 344 574 415 vulneribus
595 343 727 428 Christi,
758 352 790 410 et
812 344 961 435 ejusdem
983 344 1157 410 electarum
1186 346 1296 410 ovium
1320 344 1371 411 la·

74 452 372 541 boribus,‘psrum,
395 459 451 518 aut
472 450 555 517 nihil
577 452 624 516 eis
645 449 688 515 ad
711 448 1022 538 salutemproficuis.
1043 450 1182 538 Repetet
1191 450 1284 516 Deus
1297 471 1372 515 san·

74 559 210 644 guinem
232 557 411 624 humanum
436 554 649 621 demonibus
671 555 818 641 Vestris3
840 541 941 620 mult'o
972 555 1046 643 plus
1079 555 1165 620 enim
1186 553 1372 621 hominibus

74 665 208 730 nocetis
251 671 284 729 et
305 685 360 728 eos
382 660 549 750 impeditis
570 671 603 726 in
625 660 728 727 salute
750 660 877 726 illorum
910 683 1006 748 quam
1039 659 1179 725 fructum
1208 659 1372 745 adferatis,

76 766 230 834 occiditis
254 768 340 832 enim
362 774 394 832 et
416 765 604 854 disperditis
619 766 742 832 animas
755 764 893 848 illorum,
906 766 1021 852 ,primo
1037 763 1105 831 vita
1114 764 1242 849 vitiosa,
1265 764 1372 831 minus

79 870 282 960 exemplari3
320 871 462 937 secundo
495 870 647 957 dogmate
669 870 751 937 falso
773 870 975 937 Antichristi.
1008 869 1127 952 Metuo,
1161 883 1205 934 ne
1226 869 1319 936 Deus
1351 868 1376 935 a'

78 976 184 1044 Vobis
199 976 327 1043 auferat
347 999 484 1063 regnum
507 975 648 1042 coeleste
669 986 702 1042 et
723 975 844 1042 tribuat
864 975 984 1066 populo
1006 972 1180 1062 peregrino
1197 995 1270 1039 cum
1285 966 1369 1040 fruc·

81 1081 171 1148 tibus
194 1082 275 1169 ejus.
298 1080 351 1147 Ab
375 1082 499 1147 oriente
522 1089 554 1146 et
575 1103 693 1147 occasu
716 1080 805 1165 solis,
828 1090 859 1145 et
880 1079 982 1145 ferme
1005 1102 1047 1145 ex
1069 1078 1157 1145 omni
1170 1076 1257 1142 orbis
1273 1086 1372 1145 terra·

84 1207 157 1251 rum
179 1196 273 1273 parte
295 1185 456 1251 accedunt
475 1187 606 1251 veritati
644 1185 710 1250 Dei
744 1193 779 1250 et
798 1186 975 1274 scripturae
997 1206 1096 1251 verae
1115 1184 1250 1251 Domini
1272 1188 1374 1252 nostri

84 1289 165 1356 Jesu
188 1289 328 1376 Christi3
350 1291 418 1357 Vos
441 1313 519 1357 vero
540 1299 633 1356 retro
649 1289 775 1374 ceditis,
798 1264 1075 1378 ideoqdeaplebe
1099 1299 1130 1356 et
1143 1292 1264 1381 populo
1279 1295 1376 1382 simp·

90 1387 143 1460 lici
164 1395 234 1460 Vos
256 1395 445 1483 persuaderi
467 1418 533 1460 non
556 1395 672 1478 sinitis,
693 1414 802 1482 neque
817 1393 919 1459 Vobis
942 1394 1065 1482 aliquid
1088 1394 1303 1464 demonstrari
1313 1420 1373 1486 per

88 1497 193 1587 legem
214 1500 281 1565 Dei
303 1509 336 1565 et
357 1501 548 1589 scripturam
571 1522 706 1565 sacram.
731 1498 780 1565 0!
802 1497 907 1587 pudor
933 1490 1060 1582 Veste'r,
1085 1508 1117 1565 et
1131 1500 1377 1589 levitasmagna

87 1606 313 1692 magistrorum
346 1615 470 1694 septem
493 1605 698 1671 scientiarum
722 1613 801 1685 (non
822 1625 902 1671 vero
917 1611 989 1670 octo
1001 1603 1263 1690 beatitudinum),
1294 1624 1374 1694 quas

87 1707 252 1793 didicistis,
276 1730 356 1797 quos
377 1709 472 1796 plebs
496 1709 635 1797 simplex
660 1718 692 1775 et
702 1709 841 1796 operarii
853 1717 1007 1796 superant
1027 1712 1062 1773 in
1075 1711 1241 1798 scripturis
1261 1712 1374 1777 sacris.

90 1809 150 1881 Vos
173 1836 256 1881 vero
278 1836 352 1879 oum
373 1812 470 1878 nullo.
486 1834 596 1879 eorum
618 1814 653 1877 in
675 1812 857 1879 discursum
887 1811 1094 1878 severitate
1127 1813 1210 1900 legis
1224 1886 1227 1891 ,
1243 1815 1375 1882 divinae

85 1915 261 1984 immittere
282 1917 418 2000 audetis,
441 1925 559 1995 metuo,
581 1938 624 1981 ne
646 1917 815 1983 scientiam
837 1916 919 2002 legis
950 1915 1080 1982 divinae
1111 1920 1375 2006 consumpseritis

83 2018 112 2089 in
132 2021 268 2089 refertis
309 2031 344 2086 et
374 2021 551 2109 pinguibus
573 2023 704 2086 mensis.
738 2020 809 2097 Imo
843 2028 877 2084 et
901 2019 1017 2087 iratres
1037 2021 1307 2088 Boleslawienses
1341 2045 1377 2090 se

80 2129 239 2196 continuo
262 2125 304 2191 ad
326 2124 469 2191 debitam
492 2125 671 2191 Vobiscum
688 2123 891 2190 audientiam
914 2137 1129 2212 revocarunt3
1152 2127 1220 2193 Vos
1242 2150 1321 2194 vero
1343 2128 1378 2192 in

76 2230 295 2301 concionibus
305 2231 430 2296 Vestris
442 2252 553 2296 omnes
576 2231 746 2318 spernitis,
766 2229 973 2313 Piclrhartas,
997 2230 1177 2297 haereticos
1196 2231 1378 2320 appellatis,

74 2338 136 2405 ubi
160 2335 267 2402 Vobis
289 2336 350 2401 hoc
371 2337 407 2400 in
429 2334 501 2401 loco
534 2334 755 2400 contradicere
774 2324 895 2400 'nullus
918 2334 1025 2418 audet,
1063 2358 1176 2403 verum
1208 2337 1244 2402 in
1280 2358 1378 2403 cursu

74 2442 264 2509 christiano
287 2449 319 2505 et
345 2439 498 2528 prudenti
522 2439 671 2506 discursu
692 2462 750 2506 *ex
783 2439 943 2527 scriptura
980 2440 1085 2506 sacra
1106 2442 1293 2508 satisfacere
1323 2464 1379 2523 ne·

74 2549 204 2636 quitis3
227 2546 350 2619 veritas
371 2547 458 2613 enim
472 2543 575 2611 Vobis
598 2545 716 2610 deficit.
744 2540 888 2632 Ideoque
909 2545 1065 2630 magister
1086 2546 1201 2613 Gallus
1216 2568 1281 2613 non
1303 2545 1378 2634 lege

74 2649 146 2718 Dei
170 2659 205 2716 et
227 2650 386 2739 scriptura
409 2673 502 2716 sacra
522 2651 677 2738 populum
703 2650 745 2715 ad
767 2649 865 2715 fidem
888 2649 1008 2735 dirigit,
1033 2649 1091 2716 sed
1107 2650 1284 2736 lictoribus,
1308 2673 1376 2739 car·

74 2755 224 2838 ceribus,
250 2756 411 2839 carnifice,
434 2754 708 2843 flagellationibus
732 2764 765 2820 et
786 2753 1004 2821 inustionibus
1027 2756 1214 2842 stigmatum
1246 2779 1285 2822 ao
1310 2757 1376 2845 pri·

74 2863 216 2930 vatione
237 2861 438 2948 opificiorum
470 2883 512 2926 ac
532 2854 814 2946 negotiationum,⁸
831 2861 896 2926 imo
919 2882 939 2924 a
962 2858 1092 2927 civitate
1114 2861 1397 2967 relegationibus,j

74 2976 181 3053 atque
213 2965 305 3030 varia
327 2967 506 3052 tyrannica,
540 2988 606 3031 non
641 2987 718 3033 vero
741 2965 919 3032 christiana
949 2966 983 3031 vi
1013 2974 1046 3029 et
1077 2965 1242 3032 violentia.
1280 2966 1379 3033 Omi
1427 3024 1431 3031 .
1459 2968 1462 2973 ’

75 3067 197 3139 Gallel
227 3067 309 3135 forte
331 3068 416 3136 hanc
436 3070 544 3157 legem
565 3072 600 3135 in
624 3069 745 3135 scholis
767 3070 931 3138 Sathanae
952 3071 986 3136 in
1008 3070 1136 3138 inferno
1159 3074 1254 3138 tertio
1288 3072 1379 3138 addi-

76 3175 204 3251 dicisti,
230 3195 296 3238 una
317 3196 391 3240 curn
412 3175 486 3259 illis,
510 3175 565 3264 qui
593 3183 625 3239 te
647 3174 681 3238 in
704 3175 754 3239 his
776 3175 942 3264 adjuvant,
966 3183 1021 3241 tua
1043 3183 1075 3241 et
1096 3175 1289 3244 Antichristi
1311 3194 1379 3244 ma·

75 3280 153 3347 litia
179 3277 355 3346 obcoecati.

223 3538 228 3545 ,
490 3490 504 3514 ’
618 3470 764 3538 CAPUT
788 3474 839 3538 19.

86 3579 153 3642 Ubi
176 3578 280 3645 literae
301 3575 401 3640 fratris
423 3581 558 3642 Mathiae
577 3580 726 3642 finiuntur.
761 3581 802 3640 Et
832 3583 902 3640 dum
924 3583 1149 3645 administrator
1180 3586 1234 3646 has
1264 3587 1368 3646 literas

85 3667 277 3746 perlegisset,
300 3667 402 3726 statim
424 3671 479 3731 sub
503 3669 602 3748 specie
622 3668 836 3729 familiaritatis
859 3668 914 3746 pro
935 3671 987 3729 illo
1009 3672 1091 3731 misit
1124 3682 1152 3731 et
1173 3695 1227 3751 per
1243 3676 1377 3750 judicem

86 3756 127 3814 ad
149 3755 226 3814 haec
249 3749 442 3816 constitutum
475 3755 846 3903 iratremiffipplpiiamspipa
868 3775 934 3816 cum
949 3775 1037 3819 servo
1052 3760 1185 3837 ejusdem
1196 3762 1228 3821 in
1241 3781 1375 3823 carceres

733 3864 769 3922 Ju
827 3888 833 3903 .

167 4026 318 4094 Christus
342 4027 501 4094 Dominus
522 4027 608 4094 filius
629 4029 694 4095 Dei
717 4028 786 4097 vivi
807 4029 931 4096 nullum
965 4052 1107 4118 unquam
1139 4033 1196 4098 tali
1220 4033 1380 4100 violentia¹

84 4132 125 4197 ad
145 4132 245 4198 fidem
268 4143 411 4199 sanctam
435 4133 561 4222 coegit3
596 4134 727 4202 dicebat
747 4137 833 4202 enim
855 4136 889 4200 in
918 4135 1069 4221 dogmate
1092 4159 1173 4201 suc:
1199 4138 1296 4204 crede
1318 4139 1374 4219 fili,

84 4236 144 4320 rel,
176 4238 205 4301 si
238 4237 371 4303 credere
392 4246 495 4326 potes.
530 4237 570 4302 Et
591 4239 729 4326 apostoli
753 4239 822 4325 ejus
844 4240 1013 4305 fideles'et
1033 4226 1104 4305 veri
1125 4241 1231 4306 nuntii
1264 4265 1303 4309 ac
1326 4268 1374 4311 se-

87 4348 201 4428 quaces
223 4333 309 4429 'ejirs
339 4366 505 4432 nunquam
527 4342 671 4431 aliquem
693 4345 734 4411 de
756 4345 876 4433 populo
898 4343 1023 4410 infideli
1045 4342 1293 4430 ulla'potestate
1323 4372 1376 4416 se·

86 4446 182 4513 culari
204 4456 390 4533 coegerimt.
434 4448 519 4517 Viva
552 4450 639 4514 enim
660 4458 693 4515 et
713 4472 793 4516 vera
823 4449 949 4515 fidesa
978 4446 1050 4514 Deo
1073 4448 1141 4515 solo
1175 4449 1373 4538 conceditur,
1411 4456 1416 4467 '

87 4560 152 4618 sta
175 4553 292 4641 spiritu
314 4561 424 4621 sancto
446 4554 632 4621 infunditur.
654 4555 716 4620 Est
738 4557 824 4620 enim
839 4558 1006 4644 proprium
1017 4555 1140 4642 gratiae
1150 4551 1216 4618 Dei
1235 4551 1374 4649 donumj
1403 4634 1408 4643 Δ

84 4653 216 4724 sienim
240 4678 310 4742 eam
334 4658 475 4746 cuipiam
496 4659 588 4726 Deus
611 4661 815 4748 omnipotens
839 4683 881 4725 ex
904 4661 1008 4746 gratia
1031 4669 1063 4726 et
1085 4681 1194 4726 amore
1225 4682 1282 4725 suo
1309 4683 1375 4726 non

82 4762 202 4842 tribuit,
224 4761 335 4828 nullus
354 4763 391 4830 in
411 4762 492 4832 orbe
512 4772 671 4833 terrarum
692 4764 789 4832 homo
812 4786 883 4841 eam
906 4765 984 4833 dare
1001 4772 1116 4854 potest,
1138 4788 1201 4832 neo
1216 4766 1374 4854 pontifex,

528 4880 531 4885 '
1117 4871 1178 4937 tu*
