2946 5086
98 177 160 257 los

90 351 285 418 consiliariis
307 372 372 416 nou
397 360 446 416 est
466 352 601 436 licitum,
624 355 754 419 omnino
776 373 838 417 nec
860 352 940 418 milri
963 350 1072 419 facere
1094 376 1289 423 concessum
1323 368 1381 424 est.

90 455 319 523 Sanctissimus
351 465 444 542 pater
472 458 558 522 enim
591 478 665 521 cum
702 456 893 543 consiliariis
939 459 1006 523 suis
1042 458 1128 525 beno
1155 462 1260 545 novit,
1298 485 1378 548 quae

88 559 217 646 agenda
239 560 313 644 sint,
345 582 387 625 ne
410 561 488 651 quid
509 561 636 657 indigni
671 570 703 627 et
722 559 861 627 indebiti
884 563 1111 629 committatur.
1137 564 1254 646 'Quod
1278 565 1373 654 igitur

89 662 170 729 mihi
191 662 233 730 ad
255 664 416 750 agendum
440 674 491 732 est
511 664 721 753 impossibile,
752 686 877 753 precor,
913 680 956 731 u'e
977 665 1020 731 ad
1050 667 1114 734 boc
1135 668 1302 754 agendum
1322 693 1371 736 me

88 790 205 856 urgere
227 770 458 857 dignarentur5
482 770 694 858 quodcunque
725 779 833 836 autem
865 768 945 836 mibi
968 792 1065 856 agere
1086 770 1211 858 liceret,
1245 774 1287 840 ad
1314 774 1371 840 hoc

89 872 323 961 perficiendum
347 897 475 962 semper
496 884 628 963 paratus
641 897 732 940 sum.
777 874 839 939 His
873 873 968 940 dictis
990 874 1031 941 ab
1061 877 1205 944 invicem
1228 900 1367 945 recesse-

89 985 173 1061 runt,
196 986 229 1043 et
248 1001 308 1067 per
329 977 451 1066 aliquot
484 979 554 1046 dies
583 987 831 1066 commorantes¹
847 977 930 1046 nibil
962 987 1070 1047 tamen
1104 982 1247 1073 amplius
1281 1006 1372 1074 agore

90 1091 270 1170 potueruut.
998 1082 1005 1095 '

629 1276 775 1344 CAPUT
796 1276 851 1342 22.

87 1399 148 1460 Ubi
169 1400 306 1462 scribitur
328 1404 366 1461 de
387 1405 514 1478 quodam
528 1404 692 1464 Laurentio
713 1403 855 1477 tubicine,
876 1423 895 1462 a
917 1419 974 1477 quo
996 1403 1112 1463 Passelr
1133 1406 1266 1468 ludibrio
1289 1408 1369 1469 affec·

87 1495 136 1546 tus
157 1484 221 1545 fuit·
245 1491 321 1549 Item
344 1491 422 1564 quod
444 1491 580 1569 Hungari
601 1491 705 1551 Budas
728 1482 830 1551 contra
852 1490 1004 1568 episcopos
1020 1492 1145 1551 rebelles
1161 1491 1233 1553 lacti
1256 1495 1369 1566 fuerint,

60 1638 66 1656 Ι
88 1575 265 1635 accumulati
278 1597 330 1655 per
342 1578 445 1636 urbem
461 1587 621 1651 currentes,
644 1571 786 1657 praefecti
808 1580 927 1637 domum
948 1577 1158 1659 impetiverint.
1205 1581 1285 1641 Item
1300 1584 1371 1660 quod

89 1679 126 1717 ex
148 1659 290 1721 Bohemis
322 1663 449 1723 dominis
473 1673 501 1723 et
522 1665 726 1743 Pragenslbus
749 1665 914 1725 nuntiatum
943 1663 1041 1737 fuerit,
1076 1665 1196 1744 Pragce
1219 1672 1371 1729 tumultum

88 1756 224 1807 exortum
246 1748 357 1823 fuisse;
391 1751 508 1810 Passek
530 1759 628 1811 tamen
651 1772 718 1812 cum
739 1753 838 1830 legato
861 1753 898 1810 de
920 1751 1108 1828 compactitis
1140 1754 1221 1832 agit3
1255 1764 1373 1835 atquae

561 1840 676 1917 legatus
699 1840 907 1917 praetenderit.
931 1890 944 1917 r

173 1932 307 2002 Interim
330 1935 383 2001 die
397 1936 570 2003 Dominica
591 1948 664 2026 post
693 1941 726 2004 S.
738 1937 864 2004 Urbani
887 1938 972 2003 diem
985 1937 1131 2028 (tuMaj.)
1149 1939 1284 2027 quidam
1298 1940 1371 2006 Lau·

87 2040 210 2105 rentius
240 2041 352 2126 regius
384 2041 525 2128 tubicen,
548 2043 699 2127 Polonus,
721 2044 867 2131 venitin
889 2041 1103 2110 diversorium
1126 2066 1200 2110 oum
1223 2043 1371 2111 Benessio

89 2145 186 2209 etiam
216 2143 369 2223 tubicine,
404 2147 459 2233 qui
482 2169 556 2212 cum
577 2147 795 2233 Pragensibus
819 2168 856 2211 eo
879 2146 1021 2226 devenit,
1054 2146 1112 2213 ubi
1135 2156 1205 2213 erat
1226 2151 1371 2236 magister

88 2247 214 2312 Passek
235 2269 308 2312 cum
342 2248 438 2333 clero,
473 2260 504 2316 et
524 2251 682 2337 ablegatis
704 2250 932 2337 Pragensibus.
955 2251 1027 2337 ,Hic
1050 2250 1209 2321 allocutus
1232 2254 1293 2319 fuit
1314 2277 1370 2319 ma·

89 2354 227 2445 gistrum
248 2354 373 2420 Passek
395 2354 506 2441 lingua
526 2355 677 2445 polonica
698 2355 828 2420 dicens:
852 2377 910 2420 cur
931 2354 1011 2420 haec
1033 2354 1158 2421 locutus
1188 2356 1279 2423 fuisti
1300 2359 1369 2444 regi,

90 2460 176 2548 quod
197 2483 308 2527 omnes
330 2482 481 2548 proceres
503 2461 537 2525 in
559 2460 717 2527 Bohemis
739 2459 780 2524 ad
802 2459 924 2547 Papam
947 2460 1167 2544 accesserint,
1190 2461 1249 2527 ubi
1272 2471 1369 2528 tamen

89 2565 222 2632 nobiles
246 2565 376 2631 domiuo
398 2567 469 2653 regi
504 2566 650 2631 scribunt
672 2564 732 2631 sub
754 2563 863 2630 multis
886 2564 1014 2651 sigillis,
1048 2565 1083 2631 id
1104 2564 1222 2631 falsum
1245 2562 1325 2652 esse,
1345 2575 1370 2632 ot

90 2670 167 2736 dum
189 2693 262 2736 oum
284 2693 362 2758 rege
384 2670 595 2760 praecedenti
628 2679 660 2737 et
689 2670 844 2743 moderno
867 2670 902 2734 in
922 2669 1080 2735 Bohemis
1100 2658 1286 2751 fuissemus,
1313 2682 1368 2736 tum

88 2798 148 2842 vos
170 2775 307 2841 Bobemi
328 2779 501 2843 cantastis:
524 2777 597 2864 plus
620 2783 745 2863 oportet
767 2773 899 2841 obedire
932 2774 1063 2840 domino
1079 2795 1137 2840 suo
1160 2784 1223 2844 etc.
1245 2774 1367 2841 Exinde

89 2881 244 2966 magister
265 2880 390 2946 Passek
412 2882 513 2947 iratus
543 2882 700 2964 surrexit,
733 2889 766 2945 et
794 2879 908 2945 abiens
940 2879 1044 2950 dixit:
1079 2881 1151 2967 quis
1185 2879 1370 2959 daemonum

90 2985 177 3050 hunc
192 2985 323 3050 stultum
339 2985 444 3051 adme
460 2987 568 3073 misit3
592 2983 761 3072 respondit
776 2984 986 3050 Laurentius:
1009 3006 1074 3050 non
1092 3007 1161 3051 sum
1174 3008 1235 3071 ego
1255 2982 1370 3066 stultus,

91 3088 148 3154 sed
170 3089 232 3169 tibi
263 3099 295 3154 et
317 3090 451 3156 cuilibet
472 3091 642 3156 veritatem
665 3089 776 3155 dicere·
796 3088 909 3172 audeo,
935 3096 967 3154 et
988 3099 1118 3154 cantum
1141 3088 1277 3154 dicens:
1300 3088 1370 3154 fide·

91 3189 138 3260 les
163 3193 338 3260 Christiani
360 3205 420 3262 etc.
442 3194 555 3262 abivit.
601 3193 748 3259 Tandem
770 3191 862 3258 Deus
896 3194 1071 3258 concitavit
1101 3192 1288 3279 Hungaros,
1323 3192 1371 3280 qui

92 3300 279 3366 cumulatim
301 3301 378 3366 hinc
399 3300 476 3367 inde
498 3308 707 3366 cucurrerunt
728 3299 908 3363 animantes
931 3320 965 3362 se
988 3297 1127 3362 invicem
1150 3306 1265 3363 eontra
1296 3299 1370 3384 epis·

92 3425 200 3493 copos,
223 3404 502 3493 archiepiscopum
527 3402 718 3493 etpapalem
735 3402 884 3488 legatum.
906 3401 1135 3490 Hoctempore
1159 3403 1374 3491 exspoliamnt

91 3508 222 3576 domum
244 3509 414 3598 cujusdam
435 3508 589 3597 baptisati
606 3507 731 3596 judaei,
763 3508 818 3596 qui
837 3507 992 3595 'episcopi
1014 3506 1198 3594 praefectus
1220 3503 1324 3573 fuerat
1343 3508 1374 3571 in

91 3615 264 3698 montanis,
300 3615 395 3679 etiam
428 3616 506 3679 alios
535 3613 674 3702 judaeos
696 3611 968 3700 exspoliaverunt,
1002 3622 1034 3676 et
1054 3610 1141 3676 bona
1164 3610 1277 3677 eorum
1298 3611 1375 3678 abri-

91 3727 240 3806 puerunt.
274 3718 347 3785 Hoo
360 3719 456 3783 etiam
481 3730 624 3805 tempore
646 3716 865 3802 Pragensibus
887 3716 1067 3781 nuntiatum
1088 3715 1158 3799 fuit,
1181 3717 1313 3804 Pragae‘
1329 3726 1375 3781 tu·

44 3830 48 3839 ’
92 3823 227 3889 multum
250 3832 354 3888 ortum
377 3823 486 3900 fuisse,
501 3844 504 3853 ¹
518 3836 550 3886 et
573 3821 657 3909 quod
681 3813 788 3886 curiae
810 3819 967 3886 militibus
989 3819 1203 3907 plenaelsint,
1226 3832 1264 3886 ut
1284 3818 1376 3886 fidem

90 3918 269 3996 Romanam
285 3936 318 3992 et
338 3927 512 3992 humanam
534 3916 726 4014 relinquant,
751 3934 782 3990 et
796 3925 926 3991 domum
947 3931 1159 4006 revertantur,
1182 3922 1281 3990 'valde
1297 3925 1377 3990 euim

91 4034 126 4100 id
147 4032 366 4100 necessarium
388 4021 469 4096 esse
514 4030 639 4096 Pariter
668 4029 818 4096 dominus
842 4027 1091 4116 christophorus
1126 4027 1169 4092 de
1199 4027 1377 4114 Svamberg

91 4137 232 4226 principi
256 4142 287 4201 'et
317 4135 448 4202 domiuo
469 4136 548 4201 Low
571 4136 701 4222 scripsit
731 4134 850 4218 literas,
884 4131 1058 4219 inquibus
1086 4133 1260 4217 nuntiavit,
1297 4120 1377 4219 quod

90 4242 203 4306 rustici
223 4241 377 4324 universi,
406 4242 597 4330 praesertim
619 4241 653 4304 iu
676 4239 821 4304 districtu
843 4237 1046 4303 Hradeoensi
1068 4248 1302 4323 consurgentes
1332 4247 1377 4303 tu-

14 4431 19 4440 ,
92 4344 303 4430 multuentur3
325 4346 402 4413 inde
423 4368 575 4436 proceres
597 4344 668 4410 illos
691 4342 871 4419 admoneat,
904 4349 940 4405 ut
950 4341 1088 4427 Pragam
1109 4341 1223 4406 venire
1261 4341 1378 4411 accele-

92 4457 173 4532 rent,
208 4459 240 4514 et
260 4473 347 4517 nuno
369 4452 410 4517 de
432 4451 496 4517 fide
526 4476 591 4518 non
624 4439 844 4533 sollicitentur,
879 4471 953 4514 cum
980 4444 1043 4510 alia
1065 4447 1151 4512 mala
1183 4450 1378 4516 immineant

92 4553 251 4641 Legatum
273 4564 379 4621 autem
402 4566 533 4645 propter
554 4557 728 4644 Hungaros
750 4557 785 4620 in
801 4552 979 4620 diversorio
995 4552 1064 4639 ejus
1077 4551 1244 4620 custodire
1266 4555 1379 4622 debuc-

92 4666 183 4743 runt3
205 4657 357 4746 princeps
380 4663 475 4726 etiam
499 4660 633 4728 Carolus
656 4683 729 4726 oum
750 4659 887 4747 reliquis
912 4654 1099 4744 proceribus
1121 4655 1278 4726 Bohemis
1300 4660 1380 4727 able-

83 4765 175 4850 gatis
197 4772 233 4831 et
253 4762 341 4832 clero
363 4787 407 4832 ex
428 4765 617 4835 diversoriis
638 4767 729 4832 exire
757 4767 828 4832 ausi
860 4785 926 4831 non
958 4761 1097 4847 fuerunt,
1132 4762 1193 4830 sed
1206 4803 1209 4811 ·
1221 4788 1284 4854 per
1305 4768 1379 4838 duos
