2946 5086
1281 176 1353 271 m

51 375 164 435 autem
186 369 343 454 obtinere,
365 391 426 435 nec
441 369 528 457 apud
543 392 664 456 regem,
687 384 750 435 neo
766 369 946 458 prinoipem
962 365 1116 438 Carolum
1131 358 1350 461 capitaneum.

53 474 133 541 Post
156 474 338 541 discessum
359 474 491 540 tandem
522 478 611 562 regis
640 495 703 539 nec
732 473 820 561 apud
853 474 1025 560 magistros
1047 476 1082 541 in
1104 475 1253 567 cassegio,
1288 474 1352 545 noh

53 581 87 645 in
110 582 204 645 ouria
225 602 337 645 coram
359 571 578 666 Pragensibus
612 579 660 644 illi
694 577 838 666 parochi,
876 600 982 666 neque
1015 579 1110 646 ullus
1132 581 1214 648 alius
1238 589 1353 651 eontra

53 685 187 751 eosdem
209 693 431 751 accusatorem
454 705 552 772 agere
575 692 607 749 et
629 683 789 771 quaedam
815 691 928 749 eontra
950 683 1023 750 illos
1038 684 1220 772 producere
1254 708 1353 754 ausus

53 790 122 856 fiiis
169 789 216 855 Hi
237 791 346 875 itaque
369 812 492 867 omnes,
515 811 633 876 nempe
656 810 727 873 rex,
750 789 903 877 princeps
927 810 1097 855 successor
1117 793 1216 879 regis,
1251 791 1353 860 admi·

53 896 215 965 nistrator
231 916 306 960 cum
327 894 528 977 consistorio,
558 916 665 981 neque
698 892 880 980 Pragenses
905 892 1104 980 judicarunt,
1141 918 1249 985 neque
1270 906 1349 965 coh·

55 1000 255 1065 damnarunt
283 999 357 1066 illos
393 1022 452 1087 pro
483 998 726 1082 seductoribus,
763 1020 827 1064 nec
862 999 938 1064 ullis
960 999 1124 1086 perversis
1155 999 1350 1088 hominibus,

55 1103 176 1193 quibus
199 1113 308 1170 tamen
331 1103 536 1192 competebat
564 1103 645 1169 illud
668 1125 836 1191 peragere,
874 1105 903 1168 si
931 1101 1041 1190 aliqua
1071 1113 1184 1170 contra
1217 1102 1362 1173 eosdem·

56 1212 182 1299 injusta
204 1210 394 1276 habuissent
417 1217 449 1274 et
471 1210 654 1290 scivissent,
676 1229 742 1274 non
764 1229 842 1273 vero
864 1207 976 1294 plebi;
1000 1208 1049 1273 illi
1073 1208 1160 1274 enim
1180 1211 1270 1297 ipsos
1293 1210 1355 1279 snb

55 1322 218 1402 potestate
242 1335 301 1378 sua
323 1312 506 1379 habuerant
527 1322 613 1394 tunc,
645 1310 774 1401 quando
798 1311 903 1377 audiri
924 1313 1118 1399 petiverunt,
1142 1313 1201 1379 sed
1221 1315 1352 1381 interim

58 1420 134 1486 illos
165 1418 303 1506 pacifice
338 1440 381 1485 ex
402 1417 533 1484 civitate
562 1417 763 1483 dimiserimt.
807 1414 853 1481 Et
874 1415 952 1481 dum
969 1418 1041 1503 jam
1065 1418 1253 1502 exivissem,
1287 1427 1355 1486 tum

58 1527 165 1614 primo
188 1523 262 1589 illos
275 1524 361 1590 laici
382 1533 415 1589 et
437 1523 547 1589 clerici
571 1531 843 1610 contempserunt,
877 1544 936 1609 pro
960 1522 1108 1605 erroneis
1127 1531 1160 1587 et
1181 1521 1354 1590 haereticis

51 1616 253 1710 iudicarunt,
274 1628 361 1716 apud
382 1628 513 1717 plebem
535 1630 570 1694 in
601 1649 712 1693 eorum
741 1625 891 1692 absentia
921 1648 1038 1693 exosos
1060 1626 1282 1712 reddiderunt,
1319 1626 1356 1695 id

56 1736 163 1821 magis
188 1756 230 1800 ex
252 1733 385 1816 malitia,
410 1755 506 1821 quam
530 1754 573 1798 ex
596 1754 695 1797 causa
717 1731 857 1818 aliquaJ
850 1733 934 1796 'usta
948 1739 1091 1818 agentes.
1118 1731 1162 1798 lit
1184 1731 1261 1828 dum
1278 1732 1352 1822 quis

57 1840 195 1906 honeste
218 1837 342 1904 saillis
365 1839 526 1926 opposuit,
549 1836 698 1903 hocillis
723 1837 789 1902 tam
811 1845 939 1922 gratum
954 1835 1025 1920 fuit,
1041 1837 1133 1906 sicut
1152 1839 1356 1905 exorcismus

59 1945 218 2033 serpenti
262 1942 421 2029 Adeoque
443 1940 551 2007 nullus
574 1940 616 2005 de
639 1940 734 2029 culpa
755 1940 884 2006 illorum
907 1941 1015 2024 scivit,
1035 1962 1139 2030 usquo
1153 1942 1259 2031 primo
1282 1949 1359 2030 pus

60 2072 172 2116 eorum
202 2048 392 2114 discessum.
445 2045 537 2112 Siout
568 2067 648 2112 vero
677 2045 861 2132 Pragenses
888 2055 921 2112 et
955 2050 1180 2116 consistorium
1211 2072 1247 2116 ss
1277 2070 1356 2137 erga

58 2155 131 2221 illos
154 2151 341 2219 sacerdotes
365 2161 520 2238 gesserat,
543 2153 590 2217 ita
610 2160 725 2239 postea
747 2174 782 2216 se
804 2161 977 2238 gesserunt
1000 2176 1078 2242 erga
1099 2156 1189 2223 cives
1212 2155 1254 2223 de
1268 2154 1355 2225 urbe

60 2259 222 2342 dimissos,
245 2266 281 2323 ut
303 2256 464 2324 scribitur

144 2363 227 2429 Dixi
249 2370 354 2444 antea,
394 2360 481 2449 quod
502 2360 584 2427 illud
614 2359 791 2448 plurimum
814 2384 856 2427 ex
877 2361 1001 2429 malitia
1023 2367 1167 2452 egerint3
1202 2387 1279 2431 nam
1302 2385 1355 2433 sa·

63 2467 178 2535 cerdos
201 2467 258 2534 ille
278 2467 447 2549 Martinus,
478 2465 555 2531 licet
576 2466 746 2531 veritatem
768 2474 891 2531 rectam
923 2466 1006 2555 legis
1039 2468 1170 2536 divinae
1192 2469 1226 2534 in
1248 2454 1359 2552 conciss

59 2574 176 2655 onibus
200 2573 267 2637 suis
290 2571 469 2659 protulerit,
494 2573 582 2636 etin
598 2570 649 2636 his
672 2593 747 2637 eum
769 2571 876 2663 nullus
891 2596 1045 2665 superare
1061 2576 1219 2664 potuerit3
1242 2594 1357 2642 verum

58 2679 114 2745 illa
135 2677 331 2765 tempestive
360 2698 425 2742 non
459 2675 577 2758 docuit,
610 2673 666 2742 sed
698 2674 803 2742 subito
835 2680 949 2765 erupit,
987 2678 1125 2767 ideoque
1157 2678 1239 2745 illud
1257 2676 1386 2768 apud.

58 2782 177 2849 multos
198 2783 233 2846 in
263 2780 385 2846 malum
407 2789 439 2846 et
469 2781 563 2868 quasi
591 2801 753 2846 venenum
786 2802 979 2849 conversum
1000 2783 1070 2868 firit,
1104 2806 1178 2851 cum
1211 2784 1358 2859 οοιιιιιαιί

59 2889 108 2954 his
130 2888 223 2975 prius
246 2908 312 2951 non
333 2885 460 2952 fuerint
496 2886 595 2951 Pctus
619 2886 704 2951 enim
728 2887 870 2972 quidam,
893 2891 1041 2975 quamvis
1064 2890 1143 2955 satis
1167 2890 1357 2976 exquisitus,
1448 2916 1452 2923 ¹

58 2993 135 3058 dum
160 2991 338 3078 porrigitur
366 2989 503 3056 infirmis
534 2997 626 3054 extra
656 3000 782 3078 tempus
806 2991 963 3078 debitum,
995 3005 1108 3062 contra
1142 2994 1358 3064 venhieulnm

57 3099 283 3163 inconsuetum
306 3103 448 3159 autnon
470 3094 697 3179 assuefactum,
713 3097 772 3161 vix
792 3096 932 3163 fructum
955 3099 1089 3184 adferet,
1111 3122 1187 3167 nam
1200 3101 1358 3167 vomitum

58 3204 168 3272 subire
192 3199 373 3288 debebunt3
407 3202 517 3292 plures
542 3204 638 3270 etiam
660 3203 781 3295 infirmi
811 3204 892 3269 tales
922 3207 1093 3293 praetiosis
1116 3215 1148 3271 et
1168 3205 1356 3294 pharmaco·

58 3332 140 3398 paea
162 3306 332 3374 medicinis
356 3300 541 3392 enecantur,
578 3331 674 3398 quam
699 3316 863 3375 sanantur.
907 3306 990 3374 Cum
1014 3331 1092 3397 ergo
1126 3310 1279 3377 sacerdos
1301 3308 1358 3376 ille

59 3415 221 3481 Martinus
254 3413 384 3498 saepius
415 3414 449 3477 in
479 3413 689 3481 concionibus
720 3415 787 3479 suis
816 3415 1022 3503 proposuerit
1054 3414 1215 3504 quaedam
1244 3436 1358 3482 secun·

60 3520 140 3585 dum
168 3525 293 3584 rectum
328 3517 447 3605 dogma
470 3517 592 3584 Christi
620 3528 750 3607 praeter
783 3519 1050 3585 consuetudinem
1079 3516 1260 3606 hominum,
1292 3520 1380 3588 non'

60 3626 236 3691 advertens
269 3623 506 3706 inclinationes,
538 3644 633 3713 quem
664 3623 805 3707 modum,
837 3626 984 3713 quamvis
1017 3634 1197 3692 rectumst
1220 3629 1357 3714 Justun,

61 3734 305 3800 administrator
337 3751 410 3795 cum
443 3728 515 3793 aliis
552 3727 657 3793 eidem
687 3751 753 3794 non
783 3728 938 3796 favebant
971 3729 1049 3815 (hoc
1078 3730 1165 3795 enim
1198 3732 1233 3795 in
1268 3730 1360 3796 curia

58 3839 99 3904 de
121 3839 179 3905 illo
200 3839 307 3903 fassus
329 3835 398 3919 fuit,
430 3832 517 3924 quod
539 3853 676 3898 ermnea
708 3855 774 3898 non
797 3833 909 3922 dicat),
932 3855 975 3899 ex
997 3835 1058 3900 hae
1081 3856 1178 3900 causa
1210 3837 1295 3901 inter
1323 3818 1359 3901 se

59 3943 212 4010 contrarii
243 3942 375 4007 fuerunt
410 3949 442 4005 et
469 3940 504 4003 in
538 3939 678 4004 furorem
713 3940 876 4004 concitati.
918 3940 1012 4006 Laioi
1035 3938 1166 4005 tandem
1188 3938 1239 4004 his
1260 3939 1359 4005 etiam

57 4056 273 4130 accesserunt,
307 4034 411 4112 dbnec
443 4066 554 4110 rumor
586 4044 717 4109 tandem
751 4053 783 4109 et
803 4044 958 4111 turnultus
981 4047 1015 4110 in
1038 4046 1267 4110 communitate
1297 4042 1360 4110 orti

58 4155 217 4238 firissent3
240 4152 318 4218 dum
341 4153 427 4216 enim
450 4148 607 4238 superbus
647 4156 751 4215 estet
779 4150 934 4232 insolens,
970 4160 1003 4214 et
1036 4148 1117 4214 alter
1138 4171 1204 4214 non
1227 4147 1356 4233 codena

56 4282 130 4326 raro
152 4260 187 4323 in
209 4279 274 4322 uno
298 4255 474 4322 subsistent
497 4254 632 4321 stabulo.
676 4255 755 4319 Post
785 4252 917 4342 aliquod
950 4276 1028 4321 vero
1051 4254 1197 4341 elapsum
1232 4262 1359 4342 tempas

56 4363 211 4430 sacerdos
233 4361 390 4427 Martinus
412 4361 507 4424 inivit
530 4359 778 4439 matrimonium,
813 4367 845 4423 et
866 4354 1032 4447 deponens
1056 4359 1244 4426 clericatum
1267 4357 1359 4439 habi·

55 4471 141 4535 tavit
160 4471 196 4533 in
219 4466 315 4532 domo
337 4468 372 4531 in
383 4466 476 4531 Nova
498 4466 628 4531 civitate
650 4472 723 4550 post
752 4462 1097 4547 Regino-Hradecium
1132 4463 1193 4530 suh
1216 4462 1358 4531 dominic

51 4575 98 4642 D.
122 4572 165 4637 D.
180 4570 336 4637 -Joannis
360 4551 546 4655 (lernhicky'
570 4567 611 4634 de
633 4567 766 4647 Kazow,
789 4565 836 4632 ibi
859 4566 1008 4632 habitans
1033 4568 1198 4654 opificium
1223 4567 1359 4636 textoris
1413 4556 1417 4561 ¹

54 4677 216 4762 exercuit,
239 4688 271 4740 et
293 4677 373 4743 alias
395 4675 639 4761 negotiationes,
662 4680 698 4739 ut
719 4671 827 4738 incola
848 4672 938 4739 alius.
