2946 5086
93 349 656 449 christianitatemconsuetudiues,
678 361 1028 452 dequibusjamsupra
1038 358 1141 427 multa
1150 355 1381 423 dicuiuuuut.

92 455 232 525 Abinde
253 465 417 548 processit
434 465 692 556 Norimbergam,
722 468 780 536 uhi
815 468 940 556 aliquot
970 461 1172 553 temporibus
1194 458 1381 549 permansit.

90 560 228 630 Interea
248 558 699 660 senatus'Norimbergeusis,
738 571 949 641 considerans
971 569 1102 658 saepius
1123 575 1156 634 et
1175 560 1382 654 perpendens

92 669 243 736 actiones
263 670 352 739 illius
374 676 482 744 minus
503 678 703 766 laudabiles3
729 679 826 746 etiam
838 678 1002 766 enimjam
1015 673 1138 742 ibidem
1159 669 1300 759 quadam
1315 666 1383 733 illis

91 774 228 862 ingrata
249 784 283 842 et
302 779 411 845 minus
432 793 569 870 accepta
589 791 715 850 tentare
737 785 856 872 coepit,
889 789 922 849 et
942 783 1030 848 inter
1049 777 1115 845 alia
1137 775 1383 843 concionatores

93 899 211 945 eorum
232 882 440 970 vituperavit,
463 909 528 974 qua
549 888 591 954 de
612 911 713 955 causa
734 885 1132 978 temporeimmiuentium
1150 880 1307 946 festorum
1318 876 1383 943 Na-

90 983 273 1052 talitiorum
295 987 392 1078 hujus
414 995 493 1058 anni
515 994 586 1058 sine
609 996 696 1060 omni
719 993 857 1060 tumultu
886 995 1028 1060 citaruut
1056 988 1150 1054 illurn
1176 984 1220 1050 ad
1249 984 1384 1066 curiam,

92 1099 294 1174 quaerentes
317 1114 360 1157 ex
381 1093 448 1178 illo,
472 1095 576 1183 quid?
605 1106 638 1163 et
659 1096 747 1165 uude
770 1096 837 1163 sit?
877 1094 1036 1185 quidquid
1058 1097 1093 1160 in
1115 1091 1248 1157 civitate
1272 1109 1384 1155 eorum

92 1192 200 1280 agat?
220 1193 265 1260 Et
286 1195 363 1261 dum
386 1198 472 1265 unde
506 1202 557 1284 sit,
588 1200 695 1268 fassus
724 1201 849 1287 finisset,
873 1201 1045 1287 assignans
1078 1194 1235 1287 quasdam
1268 1194 1384 1259 inanes

88 1318 224 1383 causan
244 1303 438 1387 praesertim
460 1303 556 1386 hanc,
579 1306 665 1394 quod
687 1324 903 1394 quaecunque
925 1306 1056 1394 patitur,
1080 1301 1163 1368 haee
1184 1298 1293 1365 omnia
1312 1318 1383 1362 sus·

91 1403 200 1468 tinent
219 1428 279 1494 pro
301 1407 441 1475 lectione
464 1418 497 1474 et
517 1410 601 1497 lege,
623 1434 663 1478 ac
685 1420 877 1478 testamento
898 1409 975 1493 Dei,
995 1407 1110 1475 velans
1132 1402 1270 1493 perinde
1292 1423 1385 1468 suam

89 1507 257 1596 ¹grandem
279 1510 448 1596 malitiam,
470 1513 512 1580 ad
533 1514 617 1581 haec
638 1515 794 1583 dixerunt
814 1515 872 1599 illi,
896 1535 932 1580 se
946 1511 1102 1580 libentius
1117 1509 1241 1591 videre,
1264 1504 1387 1573 sialibi

96 1610 300 1681 domicilium
322 1628 503 1684 assumeret
523 1629 556 1684 et
577 1641 636 1707 pro
658 1620 799 1708 pecunia
821 1640 879 1686 sua
901 1621 1038 1701 viveret,
1068 1637 1165 1705 quam
1186 1615 1221 1679 in
1243 1611 1305 1677 hac
1328 1631 1384 1676 eo·

95 1739 171 1782 rum
194 1719 337 1791 civitate.
366 1720 446 1787 Post
468 1721 550 1789 haec
572 1721 651 1791 dum
671 1725 802 1792 illorum
824 1724 1079 1791 admonitionem
1101 1718 1195 1808 sequi
1216 1715 1385 1798 noluisset,

95 1820 256 1888 miserunt
277 1824 364 1890 intra
390 1824 514 1915 aliquot
536 1828 607 1895 dies
629 1829 672 1896 ad
693 1829 786 1897 illum
808 1831 843 1896 in
866 1827 1083 1896 diversorium
1105 1824 1186 1889 duos
1208 1828 1384 1903 senatores,

95 1926 207 1993 eidem
228 1929 432 2016 mandantes,
455 1934 610 2002 utadbuc
622 1934 737 2002 eadem
760 1936 814 2002 die
838 1957 881 2001 ex
897 1931 1030 2000 civitate
1045 1930 1176 1997 illorum
1197 1932 1296 1992 exeat
1309 1931 1386 1988 ante

97 2030 177 2096 solis
201 2024 362 2100 occasum.
405 2035 537 2104 Abinde
559 2039 660 2126 igitur
681 2040 801 2106 iterum
821 2037 974 2105 discessit
1007 2056 1067 2123 per
1089 2034 1153 2100 duo
1175 2028 1330 2096 milliaria
1350 2031 1387 2091 in

96 2134 265 2201 civitatem
288 2136 491 2207 Schwaboch
514 2141 645 2229 dictam,
666 2143 724 2210 ubi
738 2143 939 2233 perlongum
962 2150 1090 2228 tempus
1112 2134 1310 2226 perduravit
1331 2130 1387 2197 Ex

94 2239 161 2304 hac
184 2240 316 2308 civitate
338 2246 455 2312 iterum
478 2269 514 2314 se
547 2250 670 2337 recepit
691 2249 726 2314 in
755 2249 921 2317 civitatem
954 2245 1062 2330 aliam,
1095 2239 1252 2308 Ansbach
1285 2237 1387 2304 nomi·

95 2355 220 2429 natam,
243 2346 387 2437 quinque
407 2350 601 2420 milliaribus
623 2352 842 2442 Norimberga
857 2353 1016 2438 dissitam,
1038 2349 1099 2416 sub
1122 2345 1281 2433 regimine
1303 2343 1386 2431 ejus-

95 2446 175 2514 dem
197 2448 321 2518 domini
342 2455 551 2542 marchionis,
574 2455 632 2524 ubi
654 2460 870 2525 communiter
891 2456 1030 2542 residet3
1066 2454 1123 2523 ubi
1146 2452 1301 2520 deserens
1324 2455 1387 2512 sta·

93 2562 169 2618 tum
191 2556 363 2624 sacerdotii
387 2560 488 2648 elegit
508 2570 629 2629 statum
652 2564 862 2648 matrimonii,
884 2585 981 2651 quem
1002 2558 1180 2648 assumpsit
1201 2550 1386 2621 aun01531

92 2663 246 2743 tempore
267 2662 447 2730 autumnali
469 2675 545 2732 ante
566 2666 684 2733 festum
701 2666 814 2734 Sancti
824 2666 1024 2752 wenceslai,
1048 2675 1080 2732 et
1092 2664 1180 2754 quod
1193 2659 1388 2732 aliisfaeere

92 2758 226 2845 Pragae
249 2761 459 2833 dissuadebat
480 2778 513 2833 et
534 2768 727 2859 increpabat
747 2770 945 2858 sacerdotes,
968 2773 1024 2860 qui
1046 2791 1183 2838 uxorem
1204 2787 1389 2854 assumpse-

91 2871 185 2947 runt,
207 2866 347 2953 ipsemet
367 2893 466 2959 agere
488 2895 554 2940 non
578 2875 717 2962 erubuit,
740 2876 920 2945 secuudum
942 2876 1024 2944 illud
1045 2875 1272 2965 proverbium:
1303 2871 1389 2960 fugit

93 2973 183 3040 latro
204 2973 248 3039 ad
270 2974 439 3044 latronem.
473 2981 570 3063 Quod
593 2994 701 3051 autem
725 2984 848 3051 clerum
884 2985 994 3071 alium,
1028 2986 1222 3074 praesertim
1244 2982 1388 3067 Pragen·

95 3101 170 3177 seru
203 3080 344 3179 aliquem
380 3087 557 3173 concernit,
603 3111 646 3155 ex
667 3088 730 3156 hoc
753 3090 885 3179 quidam
907 3074 1010 3159 secuti
1047 3099 1122 3157 suut
1143 3092 1214 3179 ejus
1236 3087 1388 3173 vestigia,

96 3194 344 3255 contemnentes
367 3199 400 3257 et
419 3193 680 3282 inquietudinem
701 3199 736 3264 iu
757 3197 879 3284 populo
914 3205 1087 3265 causantes
1110 3200 1388 3262 contrementem

96 3301 132 3359 et
154 3291 354 3361 voluntatem
375 3300 511 3385 regiam,
557 3302 642 3367 sicut
663 3310 760 3367 antea
781 3325 802 3368 a
823 3303 981 3390 magistro
1014 3324 1072 3369 suo
1103 3299 1210 3367 edocti
1246 3298 1388 3366 fuerunt.

95 3398 231 3464 Interea
251 3401 384 3487 quidam
405 3401 549 3472 Jacobus
572 3406 734 3491 sacerdos,
758 3407 813 3495 qui
835 3418 909 3474 ante
931 3408 1013 3474 duos
1029 3417 1062 3474 et
1073 3405 1244 3474 dimidium
1265 3423 1388 3469 anuum

96 3507 262 3594 parochus
283 3511 390 3578 fuerat
411 3510 454 3578 ad
477 3508 511 3578 S.
532 3511 736 3600 Stephanum
757 3518 914 3599 majorem
927 3515 1066 3601 Pragae,
1090 3514 1145 3604 qui
1169 3512 1266 3578 etiam
1289 3528 1389 3573 causa

95 3613 162 3679 fuit
183 3619 454 3684 concremationis
486 3618 613 3687 Nicolai
648 3618 831 3704 Wietenai,
855 3628 887 3685 et
910 3617 1038 3698 Clarae,
1084 3637 1281 3689 oeconomae
1304 3614 1385 3701 ejus,

99 3719 158 3809 qui
178 3741 238 3808 pro
259 3720 325 3787 illis
346 3745 447 3789 unum
469 3735 663 3811 argenteum
685 3724 811 3793 axillis
832 3725 967 3811 triginta
987 3735 1166 3814 receperat,
1189 3723 1245 3790 hio
1267 3718 1390 3786 Colinii

97 3824 264 3914 parochus
287 3830 481 3896 constitutus
503 3830 639 3897 dissidia
661 3841 694 3896 et
716 3831 894 3897 seditiones
930 3833 964 3896 in
987 3833 1219 3897 communitate
1242 3829 1390 3895 causavit

96 3932 282 4016 frequentia
303 3933 347 3999 ad
368 3934 558 4001 effusionem
580 3959 683 4025 usque
696 3935 874 4023 sauguinis,
896 3934 999 4001 bonos
1023 3944 1056 4001 et
1065 3937 1137 4023 pios
1159 3936 1307 4003 homines
1328 3955 1388 4022 pro

99 4039 275 4104 haereticis
299 4049 331 4105 et
351 4039 536 4107 Piokhartis
559 4042 748 4129 declarans;
771 4040 976 4108 Oolinienses
988 4062 1066 4106 vero
1079 4039 1256 4107 directores
1270 4060 1389 4127 cogno·

99 4153 230 4210 scentes
243 4145 381 4232 grandia
392 4144 478 4212 mala
489 4146 545 4212 illo
557 4148 692 4215 authore
715 4146 950 4235 provenientia,
972 4144 1065 4211 illum
1085 4143 1139 4210 die
1162 4147 1303 4234 quadam
1314 4155 1390 4214 ante

99 4251 179 4317 solis
202 4272 353 4318 occasum
375 4275 417 4318 ex
438 4252 520 4320 urbe
541 4252 633 4319 abire
650 4254 829 4341 jusserunt,
852 4251 947 4318 brevi
969 4258 1043 4338 post
1065 4247 1189 4315 abitum
1211 4249 1390 4317 Ozaherae.

184 4357 282 4424 Tales
303 4358 434 4425 fuerunt
455 4358 586 4427 illorum
607 4360 713 4425 bonae
726 4360 882 4442 acueres,
908 4358 1100 4426 admittente
1121 4355 1205 4433 Deo,
1228 4355 1314 4442 quod
1328 4355 1390 4423 sub

97 4467 193 4534 titulo
216 4464 390 4532 sacerdotii
423 4464 487 4532 sibi
504 4464 727 4553 judicaverint
748 4466 859 4532 omnia
880 4487 952 4532 esse
974 4465 1064 4532 licita
1079 4473 1111 4530 et
1133 4462 1242 4528 omnia
1262 4460 1391 4537 decere,

94 4572 292 4656 nescientes,
316 4593 400 4663 quae
421 4595 458 4639 se
478 4573 513 4638 in
542 4571 686 4638 funnmn
709 4579 911 4660 exspectent,
933 4571 1060 4639 ubialii
1080 4589 1221 4655 nequam
1243 4565 1391 4630 homines

93 4681 179 4748 haee
200 4698 266 4743 non
288 4686 434 4763 agerent,
480 4699 535 4743 eos
558 4677 706 4766 puderet,
752 4687 784 4742 et
807 4679 963 4744 timerent
983 4696 1123 4764 poenam
1159 4683 1191 4738 et
1211 4666 1391 4737 vindictam

91 4789 283 4879 humanam,
306 4792 403 4872 atque
427 4804 502 4851 suas
523 4784 734 4851 immutarent
754 4780 1135 4852 malasconsustudines.
1157 4775 1203 4844 Hi
1224 4795 1302 4845 vero
1325 4792 1392 4839 nou
