2946 5086
1194 192 1198 202 ·
1302 206 1377 298 aa

79 400 171 466 cidat
194 400 421 487 citius,-quam
443 398 535 481 alius,
559 396 736 463 secundum
766 397 852 463 dicta
889 397 1028 485 Spiritus
1064 399 1174 463 Sancti
1195 398 1324 492 Psalmo
1343 406 1376 470 7.

81 505 194 591 etqui
217 526 260 569 ex
282 503 366 568 alius
388 501 564 567 infortunio
588 500 838 567 consolationem
869 503 966 588 capit,
999 524 1135 567 necesse
1164 503 1212 567 illi
1247 514 1305 587 est,
1342 505 1378 571 u't

81 608 172 693 prius
195 609 361 696 respiciat,
396 630 473 671 num
496 605 560 671 tale
583 606 792 672 infortunium
816 606 937 670 calcem
967 606 1086 694 pedum
1111 600 1194 694 ejus
1216 618 1377 697 sequatur,
1410 688 1412 693 ,

82 721 178 795 prout
201 711 323 776 accidit
358 711 485 775 cuidam
518 712 692 775 mercatori
719 711 850 775 nomine
872 710 1024 793 Duchek,
1057 713 1122 776 civi
1143 712 1286 778 nondum
1321 736 1378 803 po·

86 824 215 898 stremo,
241 815 296 901 qui
318 823 532 879 mercaturam
564 837 653 879 suam
687 823 753 877 tarn
776 813 912 901 provide
936 815 1120 897 exercebat,
1155 816 1242 904 quod
1264 820 1379 905 majori

86 917 193 984 debito
219 917 404 995 hominibus
438 926 610 994 teneretur,
647 940 743 1005 quarn
776 920 926 1005 propriae
961 930 1086 982 merces
1118 921 1147 983 ei
1185 922 1377 988 suffecerint

87 1018 145 1085 llic
168 1021 453 1107 tempore-harum
477 1008 714 1086 dissensionum
737 1021 949 1106 Pragensium
961 1021 1099 1105 dicebat,
1123 1024 1209 1108 quod
1231 1026 1258 1088 si
1276 1026 1377 1113 possi·

86 1120 146 1189 bile
188 1125 282 1207 foret,
317 1124 402 1212 quod
426 1122 540 1188 lubens
563 1128 694 1212 propria
715 1147 812 1190 manu
836 1148 893 1190 sua
925 1126 1024 1192 vellet
1051 1150 1161 1192 omnes
1183 1128 1377 1195 Pickharta's

89 1229 296 1316 suspendere,
319 1250 525 1294 concremare
548 1239 580 1294 et
601 1231 708 1317 capite
728 1230 879 1317 plectere.
938 1231 1084 1296 Tandem
1108 1233 1189 1296 haec
1210 1235 1245 1298 in
1267 1233 1375 1320 ipsum

86 1353 217 1398 reversa
237 1333 376 1415 fuerunt,
399 1333 477 1397 dum
499 1343 607 1398 mente
631 1333 776 1398 turbatus
808 1345 840 1398 et
862 1337 977 1398 anxius
1000 1337 1188 1402 admittente
1210 1338 1293 1422 Deo,
1322 1320 1375 1404 ur·

85 1437 236 1520 gentibus
261 1437 452 1502 solutionem
474 1424 656 1503 debitorum
680 1437 893 1503 creditoribus
915 1441 949 1504 in
980 1443 1110 1528 propria
1140 1465 1199 1515 sua
1221 1442 1316 1507 domo
1340 1444 1375 1508 in

80 1540 150 1606 fora
174 1538 278 1605 Urbis
304 1541 466 1629 Antiquae
500 1563 600 1629 prope
622 1543 776 1629 templum
809 1542 841 1610 S.
863 1542 1042 1627 Michaelis,
1065 1556 1236 1632 antequam
1259 1546 1377 1613 herbas

78 1657 106 1710 st
129 1645 263 1711 radices
285 1645 373 1732 apud
395 1646 585 1733 apothecam
608 1650 819 1714 communiter
850 1648 891 1713 ab
914 1648 1053 1735 antiquis
1077 1652 1274 1739 temporibus
1296 1674 1375 1718 ven·

74 1748 168 1833 dunt,
193 1772 229 1815 se
251 1752 359 1837 ipsum
394 1752 563 1837 suspendit
598 1764 630 1816 et
651 1753 848 1839 proditorem
876 1753 995 1819 Judanr
1030 1764 1157 1820 secutus
1192 1766 1252 1821 est'
1273 1759 1375 1845 prius,

74 1876 176 1942 quam
200 1855 283 1920 alios
307 1843 505 1942 suspendere
536 1859 704 1944 inceperit,
739 1881 833 1945 quern
866 1859 996 1923 tandem
1019 1883 1061 1924 ex
1094 1862 1224 1925 civitate
1259 1854 1375 1929 evexe-

74 1972 152 2026 runt
176 1970 210 2025 et
231 1959 338 2046 Praga
360 1959 463 2024 tribus
485 1962 678 2027 milliaribus
701 1973 775 2026 ante
812 1962 1029 2028 Benetovium
1052 1967 1086 2029 in
1123 1974 1207 2052 pago
1243 1966 1281 2034 N.
1320 1988 1375 2054 pe·

74 2086 135 2130 nes
164 2065 340 2130 ecclesiam
364 2086 437 2129 curn
475 2066 669 2151 quibusdam
693 2068 872 2131 mendaciis
908 2068 1127 2154 sepeliverunt
1159 2072 1281 2147 rustici,
1319 2073 1375 2159 qui

74 2160 230 2256 quamvis
255 2169 296 2235 ab
319 2167 381 2234 hoc
402 2169 545 2235 facinore
576 2171 670 2237 soluti
705 2172 834 2252 fuerint,
866 2181 1007 2236 attamen
1039 2166 1124 2239 intra
1153 2174 1275 2262 aliquot
1305 2175 1375 2239 dies

74 2275 257 2339 rescientes
281 2295 352 2338 esse
376 2297 578 2361 suspensum,
608 2276 650 2340 ab
673 2277 786 2341 eodem
809 2277 904 2341 etiarn
928 2287 1049 2342 terrore
1071 2278 1209 2365 quodam
1224 2279 1376 2368 perculsi,

74 2379 170 2444 illum
194 2377 388 2462 effoderunt,
411 2381 516 2473 amici¹
530 2380 616 2445 illius
638 2402 716 2446 vero
739 2383 928 2465 nescientes,
955 2405 1018 2470 quo
1041 2404 1114 2447 eum
1137 2383 1298 2449 devehere
1320 2383 1375 2448 de·

74 2483 187 2568 beant,
210 2485 245 2548 in
280 2484 373 2572 sylva
403 2484 630 2572 sepeliverunt.
664 2485 751 2551 Dum
782 2496 888 2553 autem
921 2489 1033 2552 rustici
1067 2489 1163 2552 etiam
1192 2487 1323 2552 ibidem'
1345 2488 1376 2553 ei

75 2588 187 2656 locum
220 2587 331 2653 favere
362 2589 533 2673 noluerint,
557 2592 695 2676 Pragam
728 2613 800 2655 eum
836 2593 952 2656 iterum
985 2590 1148 2656 devehere
1181 2591 1373 2680 debuerunt,

75 2695 134 2759 ubi
156 2714 242 2758 uxor
264 2695 334 2780 ejus
357 2716 431 2758 cum
452 2696 565 2760 amicis
588 2718 608 2759 a
629 2695 848 2781 Pragensibus
872 2698 985 2778 coacti,
1018 2696 1109 2761 illum
1141 2695 1286 2761 carnifici
1307 2700 1373 2760 tra-

79 2786 248 2880 diderunt,¹
266 2801 320 2885 qui
345 2798 451 2863 eidem
474 2809 549 2864 ante
571 2809 697 2888 portam
712 2799 1032 2886 Kuttenbergensem
1053 2803 1088 2865 in
1110 2824 1188 2886 rogo
1211 2800 1375 2866 mediante

79 2905 155 2989 igne
180 2903 410 2991 sepeliverunt,
434 2925 507 2968 cum
530 2927 607 2969 vero
637 2905 728 2969 illum
751 2907 836 2970 intra
865 2906 945 2971 duas
968 2906 1038 2970 dies
1070 2929 1276 2972 concremare
1308 2928 1375 2971 non
1463 2910 1466 2917 '

79 3008 252 3094 potuerint,
275 3008 393 3071 mansit
415 3009 501 3073 enim
524 3009 627 3073 solum
649 3009 827 3088 ambustus,
851 3008 1032 3076 debuerunt
1062 3009 1110 3076 illi
1126 3020 1241 3099 ,caput
1278 3010 1374 3078 decu.

80 3120 147 3178 tere
171 3120 204 3176 et
225 3120 330 3176 terrae
347 3104 518 3177 'infodere
560 3113 613 3177 De
636 3113 692 3178 tali
714 3123 787 3179 actu
801 3112 874 3178 ¹tide
895 3113 986 3198 digni
1009 3116 1254 3182 attestabantur.
1272 3152 1275 3159 ·
1354 3130 1357 3135 '

531 3342 535 3351 '
627 3323 772 3389 CAPUT
798 3327 827 3389 3.

85 3483 140 3545 Ubi
162 3493 310 3555 narratur,
346 3484 424 3556 quod
458 3485 625 3561 Pragenses
662 3488 782 3545 exulum
810 3504 919 3545 uxores
943 3508 958 3544 e
981 3486 1102 3545 civitate
1133 3489 1313 3566 pepulerint,
1338 3500 1368 3549 et

87 3570 175 3632 denuo
196 3569 331 3630 ioannes
355 3570 481 3629 Hlawsa
504 3591 569 3629 curn
600 3574 744 3650 magistro
776 3574 896 3632 Brikcio
918 3573 948 3631 in
973 3573 1131 3651 Hungaria
1166 3572 1245 3651 apud
1267 3596 1368 3653 regern

89 3658 252 3734 etquidem
275 3657 327 3714 alii
350 3664 447 3717 terrae
468 3678 606 3735 proceres
629 3662 778 3718 cumillis
813 3661 929 3720 solliciti
960 3660 1068 3718 luerint
1091 3668 1120 3719 et
1141 3661 1315 3736 institerint,
1340 3674 1369 3722 et

90 3746 218 3823 princeps
242 3742 368 3803 Carolus
400 3746 468 3804 illos
491 3756 607 3804 secutus
630 3749 678 3807 sit.
725 3749 861 3806 Tandem
884 3749 963 3825 quod
993 3768 1047 3806 rex
1068 3748 1241 3807 Lndovicus
1264 3749 1369 3808 literas

91 3828 285 3912 Prugensibus
307 3832 438 3906 miserit}
469 3834 559 3891 simul
581 3835 617 3892 de
641 3834 774 3912 Georgio
796 3832 951 3912 Lopatslq'r
973 3836 1166 3912 incarcerato,
1191 3855 1279 3912 quem
1294 3844 1369 3913 'post
1430 3887 1434 3895 .

152 3928 280 3980 mortem
303 3919 428 3996 sepelire
450 3921 621 3993 noluerunt3
651 3918 724 3980 itam
747 3924 784 3981 de
807 3923 932 3983 Erasmo
955 3931 984 3980 et
1005 3922 1182 3982 Wenceslao
1204 3921 1294 3983 Kaio.

160 4069 244 4136 Post
267 4068 347 4134 haec
363 4070 416 4136 die
432 4071 532 4136 lunae'
542 4080 615 4159 post
626 4072 656 4136 S.
672 4070 794 4136 Luciae
817 4074 904 4138 diem
917 4074 983 4152 (11.
995 4074 1090 4152 Dec)
1105 4072 1284 4158 Prag'enses
1309 4070 1372 4137 sibi

81 4184 313 4263 proposuerunt
334 4175 422 4241 aliud
445 4176 714 4242 oblectamentum
727 4177 865 4259 efficere,
890 4181 1024 4243 citantes
1046 4176 1080 4242 in
1104 4178 1224 4251 curiam
1249 4172 1368 4241 umores

77 4280 198 4347 civium
221 4278 448 4367 relegatorum,
483 4282 538 4366 qui
571 4283 742 4346 terminum
765 4281 860 4346 unius
884 4283 961 4346 anni
982 4304 1041 4369 pro
1063 4281 1250 4346 venditione
1272 4279 1370 4344 bono·

74 4398 144 4457 lum
168 4387 212 4455 ad
236 4386 323 4452 diem
346 4408 449 4474 usque
473 4386 505 4452 S.
523 4386 609 4453 Galli
633 4387 735 4474 elapsi
758 4388 957 4473 assignatum
981 4386 1171 4469 habuerunt,
1196 4393 1228 4448 et
1250 4406 1371 4472 easpa·

74 4494 152 4563 riter
176 4494 271 4560 exire
288 4492 466 4580 jusserunt,
500 4500 535 4556 ut
564 4491 714 4557 finaliter·
733 4494 816 4556 iritra
841 4502 976 4579 quatuor
1000 4490 1196 4579 septimanas
1220 4489 1372 4555 continuo

74 4609 250 4693 loquentes
272 4595 404 4662 residua
425 4596 511 4663 bona
544 4597 722 4686 divendant
761 4606 794 4661 et
814 4598 946 4663 maritos
964 4619 1044 4693 ¹suos
1069 4602 1253 4680 sequantur,
1284 4592 1371 4680 quod

74 4706 99 4773 si
130 4702 217 4771 illud
251 4700 359 4766 facere
392 4702 561 4783 noluerint,
589 4700 678 4790 ¹qnod
712 4702 825 4786 sciant,
855 4726 937 4789 quae
961 4701 1143 4791 sequantur.
1187 4699 1277 4766 Deus
1300 4700 1371 4789 ipse

74 4820 214 4882 ventura
235 4806 374 4892 noverit,
394 4808 470 4895 quia
490 4804 672 4896 petulanter
693 4806 880 4877 mandatum
901 4806 1371 4900 regis'Doinini··sui‘'s‘pre·vc·

1111 4910 1178 4985 tt*
