2946 5086
668 274 882 403 cuma.-

51 523 54 529 '
102 516 139 574 In
160 533 219 591 que
240 511 424 586 describitur,
448 515 595 589 quemodo
617 516 786 591 Pragenses
810 533 864 572 sua
885 514 946 572 alte
977 520 1080 591 petant
1103 519 1133 572 et
1156 532 1209 590 per
1233 514 1392 592 arehiepis-

101 619 208 678 copum
231 598 490 677 Ostregomensem
519 602 614 659 multa
646 602 809 678 perficiant.
829 606 832 613 '
855 601 995 660 Tandem
1017 600 1098 676 qued
1123 598 1226 661 Turca
1259 602 1290 660 in
1313 602 1392 660 Hun-

100 687 185 766 garia
206 687 313 745 damna
335 686 463 764 grandia
491 687 659 746 causaverit
688 696 717 746 et
748 688 946 764 Belegradum
983 689 1218 765 expugnaverit,
1251 697 1283 754 et
1314 689 1389 765 quod

101 792 155 832 rex
175 773 349 833 Ludovieus
373 776 603 834 lamentabiliter
636 784 665 832 et
686 795 740 851 per
761 774 859 832 Deum
892 775 1054 852 rogaverit,
1084 783 1117 832 ut
1152 775 1250 834 eidem
1271 775 1391 855 themi

99 859 246 919 auxilium
269 862 409 920 tribuant.
455 861 593 920 Tandem
614 857 666 938 qui
699 862 737 919 ad
760 861 982 938 expeditionem
1011 863 1089 921 hanc
1111 860 1231 933 iverint,
1255 882 1323 921 eum
1344 882 1390 921 ne-

101 946 230 1007 minibus
252 946 379 1020 illorum,
414 950 562 1028 quomedo
592 949 666 1007 haee
687 967 788 1025 pugna
809 956 932 1026 peraeta
962 948 1049 1019 luerit
1086 956 1115 1006 et
1137 954 1191 1008 re'x
1216 946 1385 1008 Ludovieus

214 1055 218 1063 ·
659 1034 850 1093 interiveriti

146 1200 149 1205 “
184 1187 263 1253 Post
284 1197 374 1253 tanta
395 1186 531 1252 dissidia
549 1189 620 1274 jam
641 1209 680 1252 eo
704 1188 880 1254 deventum
901 1188 971 1267 fuit,
994 1187 1081 1274 qued
1097 1188 1282 1275 Pragenses
1299 1214 1386 1258 emsa

101 1291 157 1356 tali
179 1290 370 1377 dignitatem
391 1293 480 1378 regis
493 1292 626 1356 domini
649 1295 698 1357 sui
720 1295 869 1379 aggressi
891 1293 1021 1376 fuerint,
1044 1294 1257 1380 pertinaciter
1291 1304 1323 1360 et
1342 1278 1381 1360 in·

2 1454 6 1459 .
101 1395 290 1461 obedienter
311 1418 346 1463 se
368 1406 480 1463 contra
506 1419 578 1461 eum
601 1407 752 1484 gerentes
775 1406 808 1462 et
828 1396 930 1462 ferme
964 1396 1152 1486 apparebat,
1188 1400 1284 1485 quasi
1315 1422 1381 1463 eun·

9 1576 12 1581 ¹
80 1501 175 1573 dem
209 1524 267 1589 pre
291 1502 422 1567 domine
457 1525 513 1566 suo
536 1497 749 1567 haereditario
776 1502 897 1568 habere
919 1504 1055 1578 eolleet3
1089 1503 1124 1581 id
1147 1500 1281 1589 quidem
1305 1502 1382 1568 clare

99 1605 324 1690 exhibebatur,
348 1608 424 1693 quia
444 1605 620 1693 praedietis
643 1605 745 1671 literis
769 1618 801 1673 et
823 1608 981 1672 voluntati
1003 1606 1150 1694 ejusdem
1183 1628 1382 1694 nequaquam

100 1711 287 1779 satisfacere
320 1721 353 1776 et
374 1711 481 1777 lecum
505 1711 583 1777 dare
604 1711 784 1795 voluerunt,
807 1721 855 1783 Ιιιι
888 1711 1051 1799 quendam
1078 1710 1120 1775 de
1153 1711 1206 1776 his
1240 1711 1380 1799 personis

98 1816 140 1881 ad
162 1838 236 1881 eum
258 1817 396 1900 mittant,
418 1816 594 1903 plurimum
617 1838 652 1880 se
675 1816 725 1880 his
742 1824 946 1899 excusantes,
970 1815 1190 1903 dicentesque,
1203 1815 1304 1903 ,quod
1325 1814 1382 1881 illis

97 1921 309 2004 mandaverit,
342 1943 384 1986 ne
414 1920 488 1985 ullis
519 1921 666 2008 ejusdem
697 1920 798 1985 literis
822 1929 855 1985 et
875 1919 1037 1985 mandatis
1061 1920 1299 2008 obtemperent,
1329 1942 1380 1985 ex·

98 2029 201 2114 ceptis
223 2026 285 2109 his,
307 2028 342 2091 in
365 2025 492 2113 quibus,
516 2028 599 2091 sicut
621 2025 669 2092 illi
691 2026 884 2109 fatebantur,
913 2025 956 2090 ad
982 2025 1244 2091 informationem
1278 2046 1383 2090 eorum

97 2130 211 2196 falsam
233 2131 316 2195 forte
339 2133 513 2196 consensit.
542 2129 635 2196 Haec
664 2140 771 2196 antem
784 2153 959 2219 ⁴nunquam
982 2132 1211 2218 probaverunt.
1253 2129 1380 2195 Nullum

98 2239 185 2311 enirn
205 2244 430 2323 argumentum
452 2235 548 2323 hujus
570 2258 683 2300 verum
705 2236 894 2302 habuerunt.
917 2236 994 2301 Fuit
1012 2237 1121 2324 itaque
1144 2235 1233 2300 clara
1263 2233 1382 2300 falsitas

98 2349 130 2406 et
151 2342 279 2430 injuria.
309 2340 370 2406 Ille
393 2342 478 2405 enim
490 2339 754 2427 Ostregemensis
764 2341 1037 2430 archiepiscopus,
1059 2352 1095 2406 ut
1115 2341 1203 2407 fama
1222 2340 1382 2406 hominum

97 2445 240 2530 ferebat,
267 2445 426 2534 quaedam
457 2446 500 2510 ad
521 2446 646 2511 Passek
680 2459 712 2510 et
744 2444 890 2534 ejusdem
921 2445 1113 2512 consodales
1135 2444 1251 2511 Budae
1281 2463 1381 2530 aeque

98 2551 252 2617 audacter
286 2553 321 2616 in
354 2550 503 2616 absentia
524 2552 616 2636 regia
638 2550 746 2615 dicere
768 2553 881 2639 potuit,
916 2554 1008 2639 quasi
1030 2551 1112 2617 haee
1144 2559 1259 2637 ageret
1280 2546 1378 2615 verbo

96 2657 204 2742 regis3
222 2655 352 2721 'Passelx
373 2676 451 2740 vero
473 2654 592 2719 deinde
614 2656 648 2719 in
671 2657 900 2721 communitate
922 2656 1080 2744 Pragensi
1102 2654 1185 2721 illud
1216 2676 1277 2742 pre
1300 2653 1379 2720 veri·

96 2769 161 2825 tate
182 2760 325 2825 evidenti
347 2760 529 2847 spargebat,
554 2760 638 2847 quod
659 2760 778 2825 deinde
800 2782 860 2826 rex
881 2783 1046 2849 nunquam
1067 2761 1231 2828 fatebatur
1264 2768 1298 2826 et
1329 2782 1379 2847 ap·

93 2863 272 2953 probabat3
306 2863 393 2952 quod
425 2865 589 2952 probatur,
624 2866 760 2930 sienim
790 2867 835 2930 ita
866 2887 980 2932 vemm
1001 2865 1123 2943 fuisset,
1156 2864 1284 2931 Passelx
1319 2885 1390 2933 nen,

94 2971 254 3035 omisisset
290 2969 353 3035 sibi
386 2969 550 3056 quandum
572 2969 667 3056 hujus
690 2971 844 3058 scriptam
867 2962 1093 3063 certitudinem
1108 2991 1317 3059 procurare,
1350 2976 1380 3034 ut

96 3073 221 3162 aliquid
244 3074 387 3156 haberet,
411 3073 497 3160 qued
520 3074 718 3139 demonstret
744 3083 777 3139 et
800 3074 961 3141 exhibeat.
1006 3074 1156 3141 Secundo
1178 3097 1241 3140 rex
1262 3073 1376 3140 deinde

95 3201 260 3266 nunquam
289 3178 508 3266 Pragensibus
541 3178 583 3244 de
617 3179 666 3243 his
698 3180 891 3266 scripsisset,
926 3188 962 3245 ut
993 3178 1067 3245 illas
1099 3200 1258 3268 personas
1281 3178 1376 3245 adse

94 3285 232 3362 mittant,
266 3287 320 3374 qui
354 3284 507 3350 dixerunt
541 3307 576 3350 se
599 3283 683 3350 hane
698 3285 898 3350 veluntatem
921 3286 990 3373 ejus
1024 3283 1200 3368 audivisse,
1232 3282 1267 3351 et
1288 3292 1324 3351 ut
1344 3304 1373 3349 se

94 3389 232 3477 amplius
262 3390 312 3455 his
345 3412 410 3457 non
439 3398 598 3474 tueantur,
632 3400 727 3478 prout
760 3392 857 3456 etiam
889 3390 951 3455 boe
983 3388 1092 3456 faeere
1112 3411 1283 3478 nunquam
1306 3388 1371 3456 ausi

93 3493 231 3577 fuerunt,
254 3504 289 3560 ut
302 3494 468 3582 quosdam
491 3516 529 3560 eo
551 3495 689 3560 mittant.
713 3494 841 3582 Terti03
864 3517 1000 3561 neeesse
1021 3517 1088 3562 non
1109 3494 1226 3562 fuisset
1247 3494 1319 3582 regi
1338 3492 1373 3558 de

90 3599 145 3664 -his
166 3597 305 3687 amplius
322 3595 505 3682 sollicitari,
528 3621 590 3664 nec
612 3608 755 3665 oratores
788 3602 926 3686 mittere,
949 3623 1068 3689 nempe
1104 3601 1254 3668 domines
1275 3599 1372 3667 Mors·

92 3705 221 3769 vienses
245 3703 408 3770 Oolinium
431 3703 473 3768 ad
496 3705 627 3770 comitia
648 3706 885 3792 praecedentia,
914 3715 954 3772 ut
975 3705 1047 3774 loeo
1068 3709 1157 3794 regis
1180 3730 1255 3773 cum
1278 3704 1371 3796 pleni·

93 3811 237 3896 potentia
257 3818 358 3897 agant
378 3810 464 3875 iuter
477 3809 659 3896 Pragenses
683 3820 714 3876 et
736 3812 859 3896 exules,
883 3813 967 3896 sicut
988 3821 1085 3879 antea
1107 3812 1232 3878 dictum
1253 3812 1371 3892 fluitet

94 3915 141 3980 sie
163 3915 205 3981 de
227 3915 309 3981 aliis.
334 3915 474 4002 Dignius
498 3916 582 3980 enim
605 3923 654 3980 est
675 3914 726 3981 his
748 3918 897 3985 omnibus
921 3908 1064 4002 eredere,
1088 3908 1185 4006 quam
1196 3917 1322 3982 Passek
1343 3922 1369 3979 et

93 4021 238 4111 ejusdem
260 4024 408 4090 omnibus
432 4023 539 4111 sociis,
563 4033 618 4089 aut
640 4023 946 4111 arehiepiscopeilli
966 4021 1101 4107 infideli,
1126 4045 1168 4088 ex
1190 4021 1253 4116 hae
1266 4042 1367 4100 eausa,

92 4129 167 4215 quia
183 4131 254 4219 jam
276 4131 347 4218 regi
368 4128 550 4219 pertinebat
573 4128 614 4192 de
636 4150 773 4194 excessu
788 4128 872 4211 laeto
894 4131 1071 4217 poenitere,
1094 4129 1179 4195 ultra
1202 4149 1299 4216 quem
1320 4125 1370 4191 vix

93 4235 196 4320 major
219 4257 290 4301 esse
311 4236 425 4322 potuit,
449 4234 531 4298 haee
560 4233 670 4298 emnia
693 4233 819 4300 silentio
853 4256 926 4300 cum
961 4235 1027 4300 suis
1057 4236 1254 4302 consiliariis
1288 4256 1369 4325 prae·

93 4338 199 4422 terire,
222 4339 326 4405 donee
346 4341 382 4405 in
402 4339 593 4405 Behemiam
614 4337 744 4404 rediret.
1179 4426 1182 4431 Ι

176 4441 236 4508 Ille
258 4453 402 4533 tempore
416 4444 523 4510 Turea
537 4444 688 4509 inimicus
711 4443 847 4530 grandia
870 4445 988 4511 damna
1002 4448 1037 4511 in
1058 4469 1161 4533 regne
1186 4446 1370 4536 Hungariae

92 4548 238 4614 causavit
270 4559 302 4612 et
333 4549 549 4637 Belegradum
583 4548 780 4634 fortalitium,
815 4550 903 4639 quod
931 4553 982 4620 in,
1009 4552 1155 4640 ejusdem
1193 4554 1371 4621 confinibus

92 4660 150 4735 est,
172 4653 206 4718 vi
227 4656 407 4740 occupavit,
431 4655 465 4719 in
488 4678 550 4742 quo
571 4654 638 4723 solo
661 4677 726 4724 non
748 4658 919 4744 acquievit,
943 4655 1000 4723 sed
1024 4657 1120 4723 etiam
1136 4657 1265 4725 Budam
1287 4660 1373 4727 adire

85 4758 230 4824 tentavit.
276 4756 350 4824 Rex
372 4780 450 4826 vero
472 4759 658 4828 Ludovieus
681 4761 860 4850 agnoscens
883 4784 1035 4851 magnum
1059 4785 1154 4831 suum
1183 4765 1373 4855 perieulum,
