2946 5086
1152 139 1159 169 ‘·
1228 156 1321 253 m

64 328 158 396 bristi
181 327 320 416 Domini
337 327 372 397 hi
394 349 467 394 cum
489 326 562 395 aliis
585 327 764 415 compositi,
798 335 831 395 et
858 325 1035 401 concordes
1064 327 1140 403 lacti
1172 336 1260 413 suut,
1285 337 1324 397 et

64 460 75 500 r
99 433 241 522 quadam
264 440 356 521 parte
378 433 516 500 Bohemi
547 433 687 499 inaniter
723 441 755 499 et
775 454 860 499 vane
881 420 1101 523 excesserunt,
1136 433 1324 521 quadrimi

64 539 142 605 mile
165 547 311 628 apparet,
346 537 422 603 dum
445 536 582 603 Bohemi
603 535 829 620 allaborarent,
869 546 902 601 ct
922 552 1115 624 praegressa
1136 539 1325 624 gravamina

64 700 66 707 .
89 665 126 708 se
149 643 356 733 attraherent,
382 640 511 706 solliciti
534 641 575 706 de
597 641 841 708 confirmatione
864 650 1147 728 compactatorum,
1169 650 1205 709 ut
1223 643 1346 710 vicini*

64 748 146 836 >puli
170 770 225 813 eos
247 769 306 834 pro
329 748 416 812 veris
438 745 636 828 christianis,
674 755 707 813 et
739 740 896 813 ecelesiae
924 745 1000 813 filiis
1022 746 1213 833 divulgent5
1248 770 1324 814 nam

64 875 75 917 e
97 852 150 916 his
170 853 241 939 jam
262 874 284 925 a
304 851 376 916 Dec
398 873 476 938 pax,
511 859 543 917 et
564 851 739 938 tranquilla
762 853 853 939 quies
875 851 982 939 posita
1013 859 1063 917 est
1083 857 1117 921 et
1138 853 1325 936 constituta,

64 966 168 1022 meter
191 979 270 1045 quas
292 957 511 1021 necessarium
533 964 680 1038 nonest,
716 956 838 1024 utalia
860 955 1049 1045 compositio
1072 963 1105 1021 et
1125 957 1202 1023 unio
1220 959 1324 1044 magis
1411 974 1413 981 ⁴

64 1083 174 1126 tronea
197 1069 229 1127 et
249 1061 333 1125 falsa
355 1083 452 1148 quam
475 1056 650 1125 christiana
671 1069 852 1146 quaeratur.
895 1061 1052 1149 Princeps
1074 1068 1191 1137 tamen,
1223 1061 1331 1154 domi·¹

64 1189 97 1230 us
119 1166 209 1247 Levv,
233 1187 306 1230 cum
330 1164 525 1252 quibusdam
549 1158 705 1245 suisflnon
727 1174 934 1247 recesserunt
954 1189 974 1231 a
996 1166 1157 1233 sententia
1178 1163 1211 1231 S.
1226 1164 1322 1237 Pauli

64 1296 71 1334 ι
94 1271 233 1336 comitiis
255 1278 393 1357 recepta.
434 1268 504 1366 ¹Sed
527 1268 684 1357 quasdam
717 1269 827 1335 literas
849 1265 1091 1338 administrator
1113 1277 1146 1335 et
1167 1269 1321 1341 consisto·

64 1399 118 1442 um
139 1374 182 1443 ad
205 1374 347 1461 legatum
369 1373 519 1462 papalem
548 1373 661 1439 dehis
695 1384 952 1462 composuerunt,
987 1383 1019 1440 et
1052 1373 1321 1461 subscripserunt.
1360 1426 1364 1432 .

484 1619 486 1626 .
585 1524 731 1630 cucur
753 1547 799 1629 a

65 1704 93 1763 bi
115 1702 296 1776 insinuatur,
318 1700 464 1777 quomodo
479 1700 604 1777 themi
617 1701 737 1761 solliciti
757 1699 878 1776 luerint,
900 1709 933 1760 ut
948 1709 1135 1780 compactata
1148 1703 1322 1763 confirmen-

64 1813 94 1865 r;
115 1811 185 1852 cum
200 1797 299 1849 eutem
313 1790 429 1866 legatus
443 1788 494 1847 ille
505 1795 620 1847 astutus
636 1789 733 1863 luerit,
756 1797 785 1847 ct
797 1790 906 1852 bonum
929 1807 1015 1871 suum
1039 1790 1232 1864 quaesiverit,
1253 1790 1323 1855 ideo

64 1881 109 1938 [hil
133 1877 304 1948 effecerunt,
337 1876 397 1934 nisi
420 1896 474 1953 pro
496 1874 594 1936 futuro
614 1885 683 1954 post
704 1895 737 1935 se
758 1875 850 1934 risum
873 1875 1064 1952 reliquerunt.
1082 1890 1084 1895 '
1112 1877 1190 1937 Item
1219 1876 1323 1937 literae

369 1962 373 1973 ’
403 1984 409 1991 ’
463 1963 680 2023 sconsistorio
701 1964 741 2022 ad
762 1964 903 2040 legatum.
939 1998 943 2006 ·
1219 1960 1221 1967 '
1265 1960 1283 1987 ⁵

118 2093 199 2199 Fuit
221 2140 299 2198 tunc
320 2131 446 2218 legatus
467 2132 592 2214 Budas,
615 2130 793 2197 aRomana
814 2129 891 2196 sede
912 2110 1039 2216 missus,
1062 2133 1118 2220 qui
1138 2091 1261 2204 ibidem
1282 2132 1324 2198 ab
1412 2184 1414 2189 ,

64 2262 115 2306 mo
138 2237 347 2328 praecedenti
369 2237 609 2325 perseverabat,
633 2259 676 2302 ex
697 2238 832 2317 ratione,
854 2258 928 2307 cum
938 2237 1059 2326 ubique
1070 2237 1139 2303 fere
1151 2230 1210 2325 per
1223 2245 1323 2302 totum

64 2343 189 2412 undum
205 2342 349 2430 ‚populus
372 2351 485 2410 contra
516 2364 635 2431 papam
668 2341 925 2435 tumultuaretur,
960 2351 992 2407 et
1014 2342 1109 2408 simul
1143 2349 1255 2411 eontra
1276 2342 1324 2408 ni·
1387 2348 1390 2354 ’

63 2452 112 2515 ias
134 2446 392 2514 inordinationes
426 2454 556 2514 sanotae
577 2448 742 2516 Romanae
775 2446 942 2531 ecclesiae,
974 2454 1041 2512 tam
1063 2443 1105 2512 ob
1127 2468 1180 2512 res
1201 2455 1323 2535 tempo·
1442 2452 1446 2458 '

64 2556 128 2640 les,
152 2575 249 2642 quam
272 2551 465 2640 spirituales.
508 2552 687 2620 Admonuit
706 2551 762 2629 ille
784 2551 911 2639 legatus
935 2551 1064 2639 saepius
1085 2573 1194 2639 regem
1216 2551 1324 2618 Ludo·
1378 2556 1381 2567 '

64 2682 151 2743 cum,
168 2720 170 2723 ,
190 2666 225 2737 ut
246 2657 361 2722 saltem
382 2679 519 2744 regnum
552 2659 702 2724 suumin
724 2655 911 2723 obedientia
945 2655 1107 2744 pontificis
1141 2665 1322 2741 conservet,

84 2763 279 2853 praesertim
299 2761 462 2828 Bohemos
494 2763 529 2828 in
551 2764 674 2829 unitate
696 2762 773 2828 fidei
795 2771 827 2828 et
849 2760 1007 2828 eeclesiae
1039 2782 1230 2851 permanere
1258 2769 1323 2837 stu·

64 2879 117 2947 oet,
140 2867 261 2934 abinde
285 2866 441 2955 quasdam
456 2866 564 2933 literas
586 2867 824 2933 inBohemiam'
844 2866 941 2950 misit,
963 2865 1151 2948 admonens,
1173 2874 1323 2954 utpenes

64 2975 152 3067 dem·
167 2974 346 3051 Romanam
367 2970 577 3037 immobiliter
601 2982 821 3060 perseverent,
844 2972 1035 3060 promittens
1069 2970 1154 3054 quod
1176 2992 1322 3059 compac-

64 3089 98 3146 ta
121 3078 170 3144 eis
193 3072 384 3143 confirmare
406 3076 502 3161 velit3
538 3075 597 3142 sed
618 3077 756 3150 Bohemi
777 3101 843 3144 non
865 3100 987 3161 omnes,
1010 3077 1068 3144 sed
1090 3077 1193 3144 solum
1213 3076 1259 3159 hi,
1282 3075 1323 3142 de

64 3185 150 3251 sibus
173 3191 269 3249 antea
285 3182 503 3272 dietumfuit,
537 3191 751 3270 agnoscentes
783 3182 870 3271 quod
900 3206 1004 3273 papae
1026 3205 1100 3249 cum
1122 3182 1323 3250 adhaerenti-

64 3313 92 3355 rs
115 3289 202 3356 bene
225 3288 385 3370 succedat,
410 3298 447 3353 et·
464 3286 549 3375 quod
572 3289 717 3376 arripere
738 3296 899 3377 poterunt,
923 3311 1006 3376 quae
1028 3289 1140 3355 velint.
1184 3287 1322 3376 Saepius
1381 3321 1386 3327 ·

64 3398 121 3462 tim
142 3392 306 3477 dicebaut,
341 3392 426 3480 quod
450 3415 532 3480 quae
562 3393 829 3481 praedecessores
852 3392 1018 3459 laboribus
1040 3396 1177 3482 magnis,
1211 3401 1243 3458 et
1264 3392 1346 3483 imp

64 3489 145 3566 rnsis'
165 3501 332 3586 acquirere
354 3519 419 3563 non
441 3506 622 3583 potuerunt,
645 3498 732 3584 quo'd
753 3519 823 3563 nos*
836 3498 906 3562 sine
927 3498 1083 3584 impensis
1093 3498 1189 3566 facile
1211 3502 1319 3587 aequi·

64 3629 158 3690 tmus3
191 3603 330 3690 ideoque
372 3601 573 3688 diligentiam
594 3605 749 3690 majorem
772 3601 998 3684 adhibuerunt,
1020 3602 1063 3669 ad
1085 3604 1321 3694 assequendum

64 3734 114 3797 >us
151 3709 402 3776 confirmationis
438 3730 497 3796 per
530 3707 727 3792 violentiam,
762 3717 793 3773 et
822 3707 902 3772 alias
932 3706 1050 3773 multas
1079 3711 1212 3775 astutias
1233 3716 1321 3774 ante·

64 3823 148 3896 ctas,
173 3834 235 3901 quo
258 3813 414 3899 majorem
437 3813 680 3878 inclinationem
704 3823 735 3879 et
756 3814 902 3880 favorem
924 3812 965 3879 ab
988 3812 1044 3879 illo
1066 3813 1173 3900 legato
1194 3823 1225 3880 et
1235 3837 1323 3904 papa

64 3942 109 4005 ga
131 3941 168 3982 se
190 3916 310 3982 habere
338 3917 536 4005 judicarunt,
573 3920 629 4005 qui
649 3927 770 3997 tamen,
804 3927 901 4006 prout
932 3926 1048 3984 natura
1080 3917 1178 4005 hujus
1210 3904 1328 3985 coetus=

64 4036 90 4107 t,
125 4045 255 4110 semper
277 4023 446 4088 avaritiam
468 4024 642 4088 immanem
664 4022 822 4101 intendit3
844 4024 949 4111 magis
971 4025 1057 4088 enim
1086 4022 1321 4091 admonitiones

64 4152 89 4194 ts
112 4151 173 4217 pro
197 4127 355 4193 solutione
378 4136 410 4192 et
431 4128 591 4211 mercede,
616 4149 713 4217 quam
736 4127 777 4194 ob
790 4130 937 4214 -gratiam
960 4129 1169 4196 christianam
1191 4128 1266 4215 egit.

116 4231 217 4298 Curia
237 4231 383 4296 Romana
404 4255 468 4296 non
492 4233 617 4320 quaerit
639 4254 733 4297 ovem
757 4235 826 4299 sine
848 4233 932 4299 lana.

118 4339 284 4406 Dentibus
308 4339 485 4427 applaudit,
508 4361 574 4406 nen
596 4339 748 4405 dantibus
771 4339 877 4406 hostia
898 4338 1029 4405 claudit.

116 4447 210 4512 Sicut
231 4455 264 4510 et
286 4444 347 4510 hoc
368 4444 465 4532 paulo
488 4454 562 4532 post
584 4444 859 4511 demonstrabitur
871 4446 882 4528 ς’
913 4444 1022 4530 itaque
1045 4439 1163 4507 deinde
1183 4439 1320 4508 Bohemi

66 4603 73 4636 ‚
97 4553 154 4639 qui
175 4550 273 4615 talem
295 4550 447 4615 unionem
469 4549 744 4632 desideraverunt,
775 4547 959 4613 omnimodo
981 4547 1023 4612 ad
1046 4548 1130 4613 hanc
1152 4547 1319 4636 acquiren-

64 4681 105 4722 sm
129 4655 280 4723 omnibus
311 4654 435 4721 viribus
472 4655 734 4721 allaboraverunt
754 4655 789 4720 in
811 4652 1026 4741 perditionem
1056 4650 1193 4718 aliorum
1213 4653 1248 4717 in
1269 4673 1318 4716 re·

64 4786 126 4832 ‚one
148 4760 290 4852 propria,
323 4768 359 4827 ut
380 4742 670 4851 quomodocunque
691 4760 813 4830 intrare
842 4757 967 4850 possint
998 4757 1061 4826 hoc
1082 4756 1319 4849 Babylonicum
