2946 5086
141 176 185 249 86

141 349 205 417 rati
227 349 334 415 tristes
355 345 445 436 loqui
467 355 661 435 coeperunt,
683 368 819 435 nempe:
844 346 1062 438 Serenissime
1098 347 1413 439 princeps-conside·

141 475 216 520 rare
237 452 399 539 dignetur,
433 452 571 540 qualiter
605 451 647 518 ab
682 453 843 538 omnibus,
875 455 941 521 imo
962 473 983 516 a
1003 455 1145 541 propriis¹
1167 454 1282 520 amicis
1305 461 1337 518 et
1362 475 1420 518 cen·

141 561 329 648 sanguineis
364 558 483 622 nostris
517 555 663 622 derelicti
702 559 812 634 simus,
836 558 882 622 ita
916 555 1002 644 quod
1025 557 1066 622 ob
1105 557 1331 624 crudelitatem
1362 580 1419 644 par-

141 666 184 731 tis
215 662 310 730 nobis
333 661 524 743 contrariae,
557 661 654 726 amici
675 662 787 743 nostri,
825 669 857 726 et
878 661 935 726 alii
957 660 1049 725 multi
1083 661 1232 728 homines
1265 661 1352 738 honi,
1371 684 1421 725 nec

140 769 312 841 nobiscum
334 767 484 854 colloqui,
507 788 613 855 neque
636 765 739 832 libere
774 787 834 832 nes
857 767 1046 854 conspicere
1082 767 1234 835 audeant.
1266 766 1420 854 Quampri-

141 896 230 941 mum
262 873 349 939 enim
371 869 595 959 comprehensi
628 879 660 934 et
696 870 887 936 incarcerati
920 869 1104 952 fuissemus,
1140 870 1198 937 illa
1234 871 1310 959 ipsa
1331 873 1423 936 statim

144 979 209 1063 die,
232 977 314 1042 nihil
353 977 433 1041 certi
454 983 567 1040 contra
588 995 647 1039 nos
670 973 836 1056 habentes,
875 973 985 1038 literas
1009 983 1120 1039 contra
1143 996 1204 1041 nos
1227 977 1425 1055 vconfecerunt

144 1084 247 1167 fictas,
268 1081 378 1165 falsas,
411 1078 669 1154 contumeliosas,
704 1087 801 1165 atque
834 1077 990 1164 sigillatas
1026 1079 1061 1142 in
1098 1098 1212 1147 omnes
1245 1083 1340 1168 regni
1371 1083 1421 1147 dis·

144 1188 257 1253 trictus
278 1168 528 1250 nomine'tctius
562 1184 802 1248 communitatis
822 1183 1003 1268 Pragensis‚
1020 1168 1121 1268 quam,
1131 1195 1344 1252 convocatam
1361 1189 1421 1275 jux·

145 1302 179 1358 ta
199 1293 297 1357 ritum
321 1299 353 1356 et
375 1289 521 1355 ordinem
545 1289 684 1354 civitatis
705 1289 881 1374 Pragensis
902 1310 968 1353 non
990 1288 1192 1375 habuerunt,
1215 1300 1291 1379 post
1319 1297 1421 1380 tempo·

147 1420 184 1462 ra
194 1419 273 1462 vero
286 1393 445 1483 quaedam
456 1395 560 1482 primo
574 1402 835 1460 convocaverunt
847 1393 1118 1477 communitatem,
1127 1386 1305 1469 'numerum
1324 1420 1422 1486 nempe

146 1500 307 1589 quendam
328 1522 393 1564 non
418 1499 571 1586 exiguum
594 1508 790 1564 armatorum
814 1493 1061 1582 congregantes,
1077 1499 1192 1567 'curias
1213 1522 1289 1565 cum
1312 1503 1422 1589 quibus·

141 1606 217 1672 dam
228 1603 390 1671 ”domibus
413 1604 643 1693 impleverunt,
667 1612 705 1669 et*
721 1625 831 1669 coram
854 1603 1082 1667 communitate
1105 1614 1296 1691 sparserunt
1329 1616 1370 1680 et,
1386 1607 1421 1672 di-

140 1717 268 1793 xerunt,
292 1730 391 1795 quare
413 1731 472 1775 nos
494 1706 780 1775 incarceraverint.
818 1707 886 1772 Nos
907 1708 1041 1773 veroin
1064 1709 1249 1775 carceribus
1273 1711 1378 1778 literas
1391 1713 1422 1778 ad

141 1818 406 1885 communitatem
438 1804 626 1896 diremimus,
662 1835 703 1878 ne
736 1809 1023 1878 informationibus
1056 1812 1215 1898 malisde
1238 1814 1421 1881 nobisdatis

144 1922 252 1988 fidem*
266 1920 452 2002 adhibeant,
477 1917 563 2005 quod
584 1919 619 1982 in
642 1917 692 1983 his
716 1916 865 1982 omnibus
887 1920 1079 1983 innocentes
1102 1917 1225 2002 simus,
1239 1921 1337 1986 etiam
1356 1923 1421 2009 peti·

143 2028 249 2095 vimus
286 2024 373 2112 apud
407 2023 680 2099 communitatem⁸
702 2022 818 2104 audiri,
853 2021 939 2111 quod
961 2020 1084 2088 ibidem
1117 2031 1231 2093 nostra
1251 2026 1421 2092 innocentia

26 2154 30 2165 ·
88 2178 91 2185 -
140 2137 342 2218 agnoscatur,
366 2136 398 2193 et
420 2127 506 2214 quod
529 2127 612 2192 hanc
633 2129 701 2193 vim
721 2126 845 2192 illatam
865 2127 986 2211 injuste
1008 2125 1159 2192 feramus.
1181 2127 1227 2192 Et
1246 2128 1324 2194 dum
1348 2130 1422 2196 dein·

142 2235 184 2300 de
206 2234 338 2323 quidam
360 2234 449 2299 cives
470 2232 610 2307 fideliter
627 2235 781 2321 justeque
802 2255 861 2320 pro
883 2232 978 2299 nobis
1000 2233 1272 2319 intercesserunt,
1295 2235 1420 2316 abillis,

143 2342 198 2428 qui
219 2362 279 2405 nos
300 2340 425 2425 agressi
446 2338 586 2420 fuerunt,
610 2349 642 2404 et
663 2337 704 2404 ab
728 2338 810 2419 aliis,
834 2360 915 2422 quos
951 2339 987 2402 in
1009 2336 1166 2416 auxilium
1201 2338 1264 2405 sibi
1282 2363 1423 2427 vassump-

143 2451 262 2528 serunt,
297 2442 522 2531 comprehensi
559 2450 592 2507 et
613 2444 735 2530 pariter
756 2434 949 2508 incarcerati
980 2441 1120 2526 fuerunt,
1143 2458 1240 2530 atque
1263 2447 1293 2511 st
1322 2445 1423 2531 aliquis

136 2551 226 2637 juste
246 2547 450 2614 intercedere
472 2546 641 2625 voluisset,
666 2550 735 2614 vim
757 2570 910 2634 magnam
931 2555 1090 2631 metuens,
1112 2569 1179 2613 non
1200 2550 1263 2615 fuit
1284 2549 1320 2616 id
1346 2572 1424 2639 prae·

142 2667 228 2719 stare
264 2675 370 2718 ausus.
414 2651 453 2716 Id
488 2652 672 2717 enimcum
710 2651 894 2718 hominibus
932 2660 1077 2738 egerrmt,
1100 2655 1193 2741 quasi
1228 2652 1424 2721 haereditarii

26 2826 29 2833 ,
141 2758 265 2824 domini
285 2757 415 2823 illorum
448 2764 565 2822 essent.
609 2757 801 2842 Dignemini
822 2757 903 2823 haec
949 2756 1164 2841 considerare,
1201 2782 1243 2825 an
1280 2758 1338 2826 illa
1373 2761 1424 2826 sint

142 2861 249 2928 bonae
272 2861 466 2928 christianae
488 2869 622 2926 naturae
645 2861 804 2928 humanae
827 2886 947 2952 opera·

229 2966 373 3032 Ulterius
407 2967 514 3050 etiam,
538 2966 744 3032 'serenissime
766 2966 929 3054 princeps,
968 2976 999 3032 et
1033 2967 1156 3045 domini
1175 2964 1341 3056 ablegatii
1375 2967 1423 3034 hoc

146 3070 249 3137 libere
272 3093 379 3137 coram
402 3071 495 3137 vobis
518 3071 689 3159 loquimur,
710 3070 788 3137 licet
811 3075 960 3156 sciamus,
984 3095 1042 3160 pro
1075 3056 1162 3137 nunc
1185 3096 1245 3140 nos
1268 3075 1311 3140 ab
1334 3073 1420 3140 homi·

139 3177 236 3242 nibus
260 3199 332 3242 esse
368 3174 552 3260 derelictos,
574 3177 675 3243 nihilo
713 3186 821 3250 tamen
843 3178 967 3256 minus,
989 3187 1025 3243 ut
1060 3178 1251 3245 innocentes
1285 3187 1318 3244 et
1353 3179 1423 3244 bone

144 3280 344 3348 conscientia
375 3274 515 3369 praediti
547 3282 583 3346 in
606 3281 668 3348 hac
702 3306 800 3350 causa
820 3284 856 3349 in
878 3284 986 3349 Deum
1020 3278 1275 3371 omnipotentem
1304 3283 1424 3348 firmiter

144 3385 315 3469 credimus,
338 3385 426 3471 quod
447 3385 503 3451 ille
524 3408 585 3452 nos
608 3387 833 3473 derelinquere
854 3411 919 3454 non
941 3388 1136 3476 dignabitur,
1159 3385 1218 3452 sed
1238 3389 1313 3475 ipse
1336 3384 1421 3453 omni·

141 3491 287 3579 potentia
310 3492 377 3558 Sua
398 3513 458 3556 nos
480 3488 649 3579 adjuvabit
670 3501 704 3558 et
725 3492 888 3559 defendet.
912 3494 1001 3560 Nihil
1024 3495 1111 3560 enim
1132 3514 1230 3579 agere
1252 3492 1348 3558 nobis
1361 3510 1419 3579 pro·

140 3597 315 3684 posuimus,
347 3618 410 3662 nec
446 3597 582 3682 egimus,
621 3597 840 3684 (sanctissima
873 3600 938 3664 Dei
960 3582 1063 3687 gratia
1084 3598 1120 3664 id
1141 3597 1325 3688 firmantes)
1348 3591 1422 3684 quod

142 3700 287 3766 honestis
320 3699 469 3766 ethonis
503 3700 690 3767 hominibus
708 3724 774 3768 non
803 3705 1003 3788 conveniret,
1038 3704 1092 3771 vel
1124 3709 1257 3768 sanctae
1292 3701 1424 3769 christia·

27 3845 32 3855 ι
140 3827 202 3872 nae
224 3803 301 3869 fidei
323 3804 378 3870 vel
398 3803 521 3891 Regiae
542 3805 715 3893 Majestati,
738 3815 794 3872 aut
814 3808 887 3875 urbi
909 3809 1076 3895 Pragensi,
1097 3809 1150 3875 vel
1169 3806 1303 3875 demum
1320 3806 1422 3877 hones·

141 3911 200 3975 tati
222 3916 352 3975 nostrae
373 3908 609 3994 adversaretur,
633 3920 729 3999 prout
749 3910 830 3976 illud
866 3911 960 3977 nobis
982 3914 1101 4001 injuste
1135 3936 1177 3979 ex
1199 3935 1292 3987 mera
1314 3909 1424 3977 malitia

142 4023 175 4078 et
195 4011 321 4079 invidia
342 4035 362 4078 a
384 4011 575 4100 quibusdam
598 4016 746 4102 personis
767 4016 943 4103 imputetur
966 4026 997 4082 et
1020 4016 1071 4105 ¹de
1103 4016 1199 4083 nobis
1235 4017 1423 4103 divulgatur.

142 4116 227 4183 Nam
249 4116 335 4184 Suae
357 4116 530 4184 Serenitati
553 4127 585 4183 et
613 4119 763 4185 omnibus
785 4121 936 4206 gratiosis
960 4120 1099 4188 dominis
1124 4121 1206 4187 bene
1227 4130 1342 4187 notum
1376 4121 1423 4194 est,

144 4222 231 4307 quod
252 4222 339 4288 omni
360 4231 506 4311 tempore
526 4223 668 4289 fideliter
690 4225 869 4314 etstsincere
891 4226 1104 4293 adhaerentes
1117 4225 1202 4293 Suae
1222 4226 1348 4312 Regiae
1367 4222 1422 4288 lle·

139 4325 252 4413 jactati
262 4326 393 4411 bonum,
405 4328 577 4394 honestum
589 4349 629 4393 ac
638 4327 717 4394 utile
730 4330 876 4419 suaelltlaj
881 4334 991 4397 estatis
1003 4355 1041 4397 ac
1052 4333 1145 4418 regni
1155 4330 1253 4419 hujus
1264 4344 1423 4419 procurem

146 4429 411 4515 quaesiverimus,
428 4432 524 4497 etiam
540 4433 582 4498 ad
593 4432 715 4499 bonum
730 4443 762 4499 et
776 4435 947 4502 honestum
961 4437 1100 4505 civitatis
1115 4434 1210 4526 hujus
1228 4436 1364 4503 consilia
1376 4432 1421 4499 de-

145 4531 299 4619 derimus,
325 4546 357 4601 et
367 4537 410 4603 ad
420 4537 502 4606 haec
526 4540 691 4627 cooperati
708 4539 873 4625 fuerimus,
885 4551 981 4630 prout
993 4546 1116 4632 etjura,
1134 4544 1313 4632 libertates,
1327 4546 1423 4612 hones·

144 4646 228 4708 tates
240 4647 272 4704 et
282 4640 454 4729 privilegia
465 4643 715 4730 defenderimus,
726 4646 827 4712 vitam
840 4655 871 4712 et
883 4646 969 4714 bona
979 4657 1089 4715 nostra
1100 4672 1165 4717 non
1177 4660 1339 4736 curantes,
1346 4648 1422 4737 cuju!

143 4769 244 4815 causa
264 4745 352 4838 apud
366 4749 483 4818 multas
505 4750 753 4821 altiorisstatus
775 4774 931 4838 personas
954 4754 989 4818 in
1011 4755 1176 4825 fastidium
1199 4756 1392 4827 devenimus
