2946 5086
1303 224 1371 297 267

81 392 208 460 eordias
228 392 315 459 inter
336 411 397 458 nos
419 389 596 481 diligenter
618 404 651 462 et
670 394 889 464 amicabiliter
924 400 1123 489 componant
1150 406 1185 469 et
1216 401 1259 469 ad
1279 410 1368 470 tran·

82 498 276 587 quillitatem
296 494 498 587 perducant,
536 520 594 565 cur
615 509 724 566 autem
744 522 798 567 res
819 501 883 568 h'ae
904 498 946 569 ad
967 502 1091 570 nullam
1112 511 1367 577 transactionem

79 600 250 693 bucusque
271 604 481 691 pervenirent
502 611 536 669 et
544 606 719 692 pervenire
740 628 807 673 non
828 607 1003 695 potuerint,
1019 607 1144 699 absque
1159 612 1260 682 dubie
1280 614 1368 685 Suae

76 713 203 805 Regiae
225 712 390 801 Majestati
412 711 493 777 baec
515 714 625 778 omnia
646 721 724 780 nota
746 722 830 780 sunt.
874 713 947 782 Hae
978 716 1111 785 tandem
1146 720 1369 794 dissensiones

76 821 116 887 ad
141 818 334 887 citationem
357 826 389 882 et
404 816 568 905 judicium
591 816 712 883 deferri
734 816 935 907 debuerunt,
959 842 1032 888 cum
1053 845 1132 891 vero
1162 824 1229 894 Sua
1248 828 1368 919 lllajes·

76 935 124 991 tas
149 924 258 1010 Regia
279 945 322 988 ex
343 923 456 987 innata
477 920 680 1007 benignitate
701 918 769 988 Sua
797 943 902 1011 aequo
936 926 1044 993 animo
1079 928 1198 997 suffere
1229 954 1296 1001 non
1317 956 1369 1002 so·

76 1028 154 1113 leat,
178 1050 243 1094 nec
266 1024 431 1093 desideret
453 1024 654 1091 subditorum
676 1047 808 1093 suorum
841 1026 1023 1096 discordias
1046 1040 1078 1098 et
1093 1031 1230 1121 judicia,
1261 1036 1369 1107 denuo

76 1134 235 1221 dignatus
256 1132 318 1199 fuit
338 1131 398 1198 bas
418 1139 546 1198 nostras
569 1129 788 1198 dissensiones
810 1133 975 1202 amicabili
997 1138 1206 1205 transactioni
1228 1141 1367 1229 tradere,

75 1261 138 1325 pro
175 1260 241 1326 qua
272 1224 493 1303 transactione
515 1233 716 1323 perficienda
736 1235 860 1324 placuit
888 1237 994 1307 eidem
1016 1242 1227 1314 notabiliores
1248 1271 1367 1336 proce·

75 1367 131 1410 res
156 1342 254 1428 hujus
275 1343 371 1428 regni
382 1339 623 1406 commissarios
635 1341 843 1423 constituere,
866 1340 984 1430 quibus
999 1346 1174 1416 videbatur
1184 1350 1368 1419 consultum

75 1458 108 1515 et
131 1446 281 1514 debitum
306 1468 388 1529 esse,
420 1441 508 1531 apud
539 1465 599 1510 vos
631 1451 756 1509 tantum
790 1444 936 1530 efficere,
967 1458 1004 1516 ut
1035 1474 1096 1519 nos
1117 1461 1255 1541 quatuor
1278 1464 1367 1523 certo

77 1552 221 1640 quodam
253 1548 350 1616 modo
373 1549 408 1613 in
430 1548 561 1615 civitate
583 1569 747 1614 moremur
768 1557 801 1615 et
828 1549 999 1619 vobiscum
1021 1554 1236 1625 amicabiliter
1258 1567 1291 1625 et
1310 1581 1367 1648 pa·

79 1656 174 1721 cifiee
198 1653 424 1742 colloquamur
445 1661 478 1721 et
498 1672 645 1738 agamus,
670 1651 788 1741 qussrus
810 1654 1030 1724 mediantibus
1043 1656 1152 1747 omnia
1168 1660 1251 1729 haee
1273 1661 1368 1730 dissi·

78 1758 134 1826 dia
154 1761 244 1825 inter
266 1779 379 1825 omnes
401 1755 445 1823 ad
468 1753 612 1821 debitam
634 1758 901 1845 compositionem
940 1770 972 1828 et
995 1762 1263 1851 tranquillitatem
1294 1787 1367 1854 per·

78 1866 192 1930 venire
213 1862 361 1951 possint;
384 1859 447 1926 hoc
470 1858 557 1926 enim
577 1860 709 1927 unicum
731 1860 965 1947 desideramus,
988 1873 1024 1931 ut
1044 1866 1130 1934 inter
1157 1890 1270 1936 omnes
1291 1868 1367 1937 cba-

79 1970 155 2036 ritas
180 1977 213 2035 et
236 1963 412 2033 concordia
433 1964 518 2031 effici
540 1965 651 2053 possit
694 1962 762 2030 Ubi
785 1966 883 2032 etiam
906 1966 1003 2034 simul
1023 1968 1124 2038 multa
1145 1975 1313 2063 proposita
1335 1982 1368 2041 et

79 2071 246 2140 declarata
277 2068 416 2151 fuerunt,
454 2090 537 2157 quae
559 2066 699 2134 ebaritas
722 2076 755 2134 et
776 2069 952 2138 concordia
974 2081 1007 2140 et
1028 2096 1047 2140 e
1069 2086 1182 2144 contra
1202 2077 1313 2145 odium
1336 2087 1369 2144 et

79 2174 242 2246 discordia
264 2195 374 2240 secum
395 2173 500 2239 ferant
521 2180 555 2239 et
575 2181 718 2257 causent,
740 2172 776 2240 in
797 2176 985 2243 memoriam
999 2187 1189 2248 revocantes
1220 2189 1368 2250 veterum

79 2281 253 2349 chronicas
265 2286 299 2345 et
307 2277 471 2361 historias,
491 2275 721 2365 quodpropter
745 2277 825 2344 talia
842 2278 918 2346 odia
929 2289 962 2347 et
976 2281 1198 2353 dissensiones
1216 2307 1366 2374 magnae,

74 2391 228 2467 potentes
252 2388 285 2448 et
307 2380 425 2447 divites
449 2380 610 2463 civitates,
633 2380 998 2469 imoregnaintegrain
1011 2387 1139 2455 ruinam
1154 2396 1188 2456 et
1197 2390 1367 2458 interitum

74 2486 298 2571 pervenirent.
332 2482 436 2550 Simul
459 2485 506 2551 eis
528 2484 563 2548 in
585 2484 775 2550 memoriam
797 2494 990 2553 revocantes
1011 2500 1256 2578 proposuerunt,
1279 2492 1368 2583 qnod

74 2594 213 2685 {uidam
242 2589 373 2656 illorum
401 2589 436 2653 in
466 2586 584 2654 officiis
612 2594 644 2653 et
674 2586 842 2655 laboribus
877 2593 1120 2660 communitatis
1149 2595 1246 2687 hujus
1275 2595 1366 2663 urbis

74 2696 256 2778 constituti,
279 2692 401 2760 bonum
424 2700 456 2757 et
477 2691 649 2758 honestum
682 2691 779 2783 hujus
809 2694 950 2761 civitatis
983 2696 1159 2785 diligenter
1186 2722 1367 2789 procurare

74 2800 263 2873 ‚tuduerint
278 2795 583 2864 etallaboraverint.
604 2794 728 2862 Ultimo
750 2796 883 2864 undem
905 2798 1143 2885 concluserunt,
1167 2801 1367 2870 albinetum

73 2907 174 2977 raldo
199 2925 281 2980 esse,
305 2900 547 2990 quodquidam
568 2899 748 2966 interillos
785 2902 1002 2989 inveniantur,
1036 2905 1091 2993 qui
1112 2907 1205 2973 varia
1226 2905 1367 2975 adversa

73 3008 303 3093 lisseminent,
325 3006 474 3073 volentes
497 3028 552 3071 eos
574 3006 610 3071 in
632 3003 744 3072 odium
767 3015 801 3072 et
821 3007 982 3076 invidiam
1003 3009 1203 3099 pertrahere,
1225 3010 1366 3100 ideoque

73 3113 163 3208 quod
185 3110 344 3199 flagitent,
368 3119 402 3176 nt
423 3108 515 3175 falsis
537 3108 823 3176 informationibus
835 3119 868 3177 et
879 3110 976 3178 dictis
991 3112 1089 3180 iidem
1099 3135 1166 3182 nen
1176 3112 1365 3199 adhibeant,

73 3243 136 3289 rec
175 3217 284 3282 locum
316 3214 505 3305 praebeant,
537 3213 688 3302 quodque
721 3234 781 3302 per
803 3222 902 3281 tetam
923 3217 1027 3283 vitam
1049 3240 1141 3284 suam
1163 3217 1205 3284 de
1226 3218 1278 3284 bis
1300 3239 1366 3286 non

73 3320 304 3412 cogitaverint,
327 3340 411 3408 quae
432 3318 474 3384 de
496 3340 531 3383 se
553 3316 642 3383 dicta
663 3325 746 3400 sunt,
778 3339 885 3407 neque
906 3318 973 3386 ullo
994 3329 1141 3409 tempere
1162 3323 1366 3409 quiscunque

73 3428 219 3521 probare
240 3425 370 3513 poterit
391 3423 502 3489 Etiam
522 3420 628 3511 (ajunt
645 3420 708 3510 illi)
731 3419 782 3487 bis
804 3443 865 3487 nos
887 3421 1090 3513 subjicimus,
1112 3422 1200 3512 quod
1228 3426 1257 3491 si
1280 3424 1366 3514 quis·

73 3551 208 3620 cunque
231 3528 272 3596 de
294 3549 403 3595 errore
425 3524 575 3615 quodam,
598 3525 727 3591 haeresi
747 3524 802 3592 vel
824 3524 890 3591 alia
922 3527 1037 3614 quavis
1066 3550 1103 3594 re
1131 3549 1192 3594 nos
1227 3550 1366 3617 arguere

72 3637 169 3718 velit,
194 3642 228 3700 et
248 3632 304 3699 ille
326 3634 360 3699 in
382 3631 445 3697 hac
466 3631 597 3697 civitate
619 3629 715 3713 adsit,
748 3638 784 3696 ut
805 3652 841 3697 se
863 3630 1007 3698 insinuet
1028 3640 1061 3698 et
1080 3654 1141 3701 nos
1164 3633 1283 3723 culpet,
1305 3656 1365 3703 nos

72 3738 215 3808 cuilibet
236 3733 435 3825 respondere
457 3742 491 3802 ct
512 3734 701 3801 satisfacere
721 3737 828 3823 parati
851 3757 970 3803 sumus.
1007 3736 1100 3804 Bene
1120 3740 1200 3805 item
1222 3740 1365 3829 concipi·

71 3866 157 3930 mus,
183 3839 271 3932 quod
286 3839 350 3907 sibi
362 3839 495 3928 quidam
516 3848 662 3907 vestrum
685 3839 901 3907 substantiam
923 3840 1087 3930 quandam
1110 3850 1142 3908 et
1157 3848 1284 3909 scutum
1297 3841 1365 3909 effi·

74 3971 163 4033 cere,
185 3945 281 4013 nobis
304 3967 470 4033 opponere
492 3953 525 4010 et
547 3952 660 4012 contra
680 3966 742 4012 nos
763 3945 967 4012 voluntatem
980 3967 1072 4014 suam
1087 3940 1380 4031 exercerevellet·

74 4053 218 4139 ideoque
240 4050 435 4137 flagitamus,
470 4057 649 4138 sperantes,
687 4047 775 4138 quod
795 4056 831 4116 ut
853 4048 1003 4117 homines
1024 4047 1201 4138 prudentes
1223 4050 1310 4119 facta
1332 4057 1366 4117 et

75 4160 203 4224 intenta
224 4154 332 4221 aliena
353 4155 388 4220 in
411 4153 557 4243 seipsos
579 4175 645 4220 non
668 4153 861 4241 suscipietis.
892 4153 956 4221 His
978 4153 1284 4222 dictisneoPassek
1301 4173 1365 4220 nec

76 4260 174 4331 turba
195 4262 277 4349 ejus,
300 4272 355 4325 aut
378 4257 464 4325 ullus
486 4257 570 4325 alius
593 4256 753 4347 quaedam
774 4259 809 4323 in
832 4259 1028 4325 contrarium
1050 4261 1211 4350 opposuit
1238 4256 1364 4325 Pasaek

79 4366 165 4432 enirn
188 4370 301 4429 tacens
324 4362 432 4451 capite
454 4360 597 4428 demisso
620 4362 655 4427 in
677 4383 810 4430 scamno
833 4360 950 4430 sedens
971 4365 1159 4451 permansit,
1179 4384 1241 4430 noc
1262 4361 1364 4430 ullam

78 4469 213 4538 verbum
235 4466 279 4534 ad
300 4466 382 4534 baec
404 4466 518 4533 emisit
541 4458 739 4534 Mandarunt
760 4468 808 4532 eis
829 4468 930 4556 igitur
952 4476 1128 4553 senatores,
1150 4476 1186 4536 ut
1196 4466 1365 4556 paululum

80 4574 243 4658 recedant,
265 4594 332 4638 nen
355 4571 412 4638 diu
432 4573 519 4639 inter
540 4594 576 4639 se
597 4572 639 4639 de
661 4571 713 4639 bis
735 4570 889 4640 collocuti
923 4571 1063 4658 fuerunt,
1096 4571 1228 4662 illisque
1256 4570 1364 4640 denuo

80 4680 116 4749 ad
139 4678 407 4748 communitatem
428 4680 601 4762 revocatis,
622 4674 720 4744 valde
742 4675 879 4745 honeste
899 4677 974 4746 illos
996 4676 1209 4768 alloquentes,
1231 4696 1364 4766 respon·

81 4804 149 4858 tum
172 4782 308 4855 interim
330 4780 397 4851 tale
418 4778 485 4849 illis
506 4779 619 4852 datum
640 4780 712 4869 init,
735 4778 823 4871 quod
843 4789 912 4852 tam
933 4780 1060 4853 Passck
1082 4788 1181 4873 qnam
1201 4783 1365 4874 sodiajus
