2946 5086
91 130 156 203 274

86 326 165 375 vero
186 302 242 373 ille
264 300 393 372 Passek
410 302 496 371 haec
514 321 680 392 nunquam
699 298 857 390 impedire
878 299 1026 383 voluerit,
1048 295 1108 378 sed
1128 297 1270 384 ipsemet
1306 296 1371 362 tali·

87 408 147 481 bue
169 408 379 480 concionibus
408 406 598 491 interfuerit,
635 415 668 475 et
689 405 794 475 eidem
816 405 938 474 similes
965 403 1075 474 dicere
1103 402 1281 470 conciones
1317 400 1372 470 ad·
1420 490 1422 509 Ι

87 516 221 600 miserit,
244 538 284 583 ac
307 537 381 583 curn
402 513 459 583 illo
488 512 754 603 correspondsrit

173 619 351 689 Secundo:
376 619 505 710 quando
528 619 678 687 dominus
700 598 904 704 dvvihovvskpi
925 614 1086 682 actionem
1108 609 1277 701 quandam
1306 633 1376 679 con·

88 734 267 796 troversam
288 725 401 794 habuit
423 747 496 793 cum
533 723 670 793 ducibus
692 722 851 790 Bavariae
881 729 913 787 et
945 719 1141 808 adjuvamen
1164 726 1280 785 contra
1307 719 1375 785 illos

89 831 235 900 obtinere
266 830 377 915 voluit,
410 829 606 919 supplicavit
625 829 696 915 regi
718 826 896 912 Ludovico,
929 834 965 892 ut
986 847 1181 894 consensum
1212 824 1378 914 praebeat,

90 959 153 1028 quo
175 935 329 1027 populum
353 934 514 1025 quendum
536 956 579 1002 ex
600 933 748 1000 districtu
768 931 917 999 Plsnensi
941 929 1003 997 sibi
1036 953 1237 1020 congregare
1269 932 1377 1020 possit,

91 1040 177 1128 quod
198 1048 274 1109 tuno
296 1041 367 1107 sine
388 1061 480 1108 mora
500 1060 561 1106 rex
582 1037 714 1105 Plenam
736 1037 926 1127 perscripsit
960 1044 992 1103 et
1011 1037 1190 1121 mandavit,
1212 1049 1249 1107 ut
1280 1061 1374 1128 popu·

90 1144 141 1214 lus
155 1167 229 1215 curn
252 1144 367 1213 eodem
388 1142 550 1234 procedat
582 1141 714 1211 Interea
737 1141 896 1233 quaedam
919 1141 1066 1211 civitates
1087 1144 1186 1235 hujus
1209 1144 1374 1213 districtus

89 1271 148 1339 pro
182 1250 317 1318 consilio
350 1255 572 1317 convenerunt
604 1269 677 1314 curn
710 1245 940 1335 Pragensihus,
972 1248 1159 1316 intimantes
1195 1249 1275 1335 illis,
1299 1269 1378 1338 quae

91 1376 152 1422 rex
188 1353 402 1439 mandaverit,
424 1375 468 1420 an
501 1352 583 1420 haec
603 1373 701 1440 agere
738 1351 888 1437 debeant,
911 1353 1081 1419 autnon?
1118 1353 1275 1443 Desuper
1296 1352 1376 1443 quod

90 1447 217 1528 Passelr
249 1460 297 1527 eis
330 1457 545 1549 responderit,
579 1457 716 1546 quodsi
738 1478 773 1524 se
797 1457 973 1525 secundum
995 1458 1081 1545 regis
1104 1457 1217 1525 literas
1240 1459 1379 1551 dirigere

89 1565 202 1651 velint,
225 1586 293 1632 non
308 1585 381 1631 esse
403 1562 469 1630 illie
491 1584 573 1651 opus
595 1583 707 1629 eorum
730 1562 877 1648 consilio,
900 1561 959 1629 sed
979 1570 1015 1628 ut
1038 1563 1130 1630 scita
1141 1573 1269 1652 gerant,
1289 1573 1381 1655 prout

90 1690 152 1737 rex
188 1668 318 1756 scribit3
354 1668 480 1735 sivero
503 1666 857 1756 sejuxtePragenses
893 1666 1035 1755 dirigere
1067 1669 1182 1748 velint,
1214 1669 1306 1759 quod
1337 1671 1381 1736 eis

90 1766 262 1842 consilium
283 1773 361 1840 dare
384 1780 417 1840 et
437 1771 595 1862 adjuvare
616 1794 682 1839 non
704 1780 860 1857 renuant3
884 1771 935 1838 his
956 1771 1051 1840 dictis
1073 1796 1152 1847 vero
1175 1773 1217 1841 ab
1242 1775 1379 1842 invicem

91 1880 298 1958 recesserint,
321 1885 355 1945 et
376 1879 464 1966 regis
487 1876 598 1943 literas
619 1875 703 1942 nihil
723 1877 974 1943 aestimaverint.

176 1984 304 2052 Tertio:
328 1980 458 2072 quando
480 1983 558 2049 unio
579 1980 708 2047 urbium
720 1978 932 2070 Pragensium
955 1980 1062 2049 divisa
1075 1981 1146 2065 fuit,
1169 1980 1246 2047 ideo
1257 1989 1295 2048 ut
1306 2003 1374 2048 con·

91 2098 261 2156 serventur
283 2087 316 2154 in
339 2087 544 2155 ordinatione
560 2085 670 2153 Garuli
692 2088 894 2176 imperatoris
915 2107 975 2174 pro
997 2085 1119 2173 duplici
1141 2086 1287 2171 civitate,
1300 2083 1380 2177 qued

90 2214 209 2280 aroge
244 2192 465 2279 Pragensibus
501 2190 690 2258 mandatum
712 2191 818 2274 fuerit,
850 2213 892 2257 ne
915 2190 999 2257 nllus
1032 2190 1171 2278 amphus
1194 2198 1377 2279 praesumat

89 2297 255 2387 perpetuis
286 2296 488 2386 temporibus
521 2317 620 2383 opere
641 2304 697 2361 aut
729 2295 867 2362 consilio
888 2294 1053 2384 adjuvare,
1075 2302 1112 2360 ut
1132 2293 1197 2361 hae
1232 2298 1375 2362 civitates

90 2400 197 2468 denuo
218 2401 371 2467 unionem
392 2403 518 2479 ineant3
540 2399 627 2489 quod
649 2399 775 2466 Passek
797 2407 910 2466 contra
930 2398 1016 2465 hanc
1037 2397 1239 2465 voluntatem
1260 2401 1379 2486 regiam

90 2507 313 2574 communitati
333 2506 626 2596 Vetere-Pragensi
646 2508 843 2600 persuadere
864 2507 1125 2598 praesumpserit,
1148 2515 1185 2572 ut
1205 2530 1282 2574 cum
1302 2509 1379 2576 Neo·

92 2608 236 2678 Urbeusi
274 2615 503 2680 communitate
535 2612 623 2702 apud
661 2635 774 2701 regem
805 2613 847 2680 de
879 2612 943 2679 hac
973 2613 1094 2679 unione
1125 2611 1235 2679 denuo
1266 2615 1379 2681 instau-

91 2715 196 2783 randa
224 2724 335 2804 agant.
376 2717 479 2785 Prout
498 2715 601 2784 fusius
632 2717 755 2785 dictum
784 2719 846 2784 fuit
877 2719 984 2806 capite
1016 2717 1070 2783 26.
1112 2715 1157 2781 Et
1192 2716 1273 2785 dum
1304 2718 1380 2785 haec

93 2821 203 2887 omnia
223 2842 245 2886 a
265 2842 344 2908 rege
376 2820 425 2886 illi
461 2820 587 2886 Passek
610 2820 740 2910 objecta
761 2821 911 2907 fuissent,
931 2819 1038 2886 farem
1058 2818 1122 2885 fuit
1141 2820 1186 2887 ad
1207 2822 1380 2908 quemlibet

91 2923 264 2991 articulum
292 2924 489 3012 quaestionis
522 2925 633 3013 regiae
654 2927 866 3014 propositum,
888 2924 976 3013 quod
996 2924 1079 2991 baec
1107 2925 1220 2991 omnia
1239 2928 1286 2993 ita
1299 2927 1380 2993 facta

91 3028 222 3112 fuerint,
244 3026 400 3117 quasdam
424 3031 651 3096 excusationes
673 3029 836 3115 adferens,
859 3052 942 3119 quae
963 3050 1077 3096 omnes
1099 3028 1208 3096 eidem
1230 3053 1299 3099 non
1321 3029 1379 3098 suf-

90 3131 248 3200 fecerunt

175 3235 324 3303 Tandem
347 3258 407 3302 rex
430 3239 529 3326 jussit
551 3239 582 3303 ci
605 3236 676 3303 dari
709 3237 863 3304 schedam
886 3238 1021 3304 scissam
1051 3260 1161 3323 unffi,
1190 3248 1226 3305 et
1254 3238 1405 3307 domino*

91 3342 213 3410 Jeanni
241 3340 285 3408 de
316 3340 547 3430 Wartcmberg
573 3365 634 3432 pro
664 3353 742 3409 tunc
770 3364 921 3431 supremo
949 3341 1147 3430 burggravio
1174 3341 1382 3430 alteram,in

93 3445 212 3534 quibus
234 3448 392 3537 scriptum
414 3448 477 3515 hoc
506 3470 605 3515 seusu
636 3448 710 3514 furit:
744 3447 842 3530 Quod
863 3448 989 3515 Passek
1021 3447 1086 3514 lide
1112 3457 1147 3513 et
1173 3447 1302 3515 honore
1329 3468 1382 3514 suo

92 3552 270 3639 promittat,
292 3573 329 3617 se
350 3550 437 3620 velle
459 3553 569 3620 omnia
589 3551 779 3642 adimplere,
799 3574 885 3641 quae
905 3554 941 3617 in
959 3551 1026 3617 illis
1046 3552 1274 3630 centimanum
1307 3575 1382 3618 con·

92 3664 183 3723 tenta
202 3666 311 3722 antem
331 3656 462 3723 filerunt
483 3659 670 3746 sequentia:
699 3668 737 3723 ut
756 3659 843 3725 intra
864 3659 1004 3746 spatium
1024 3656 1162 3724 duarum
1191 3661 1383 3747 septimana·

94 3781 168 3826 rum
189 3781 233 3826 ex
254 3761 388 3827 civitate
408 3760 568 3850 Pragensi
589 3771 697 3847 exeat,
718 3785 780 3828 nec
798 3764 834 3827 in
856 3785 930 3828 erun
947 3771 1139 3845 reveruuu,
1159 3762 1197 3828 in
1216 3763 1278 3829 illa
1299 3762 1384 3830 hahi-

93 3861 203 3942 tundu
232 3865 297 3930 nisi
324 3877 460 3933 vocatus
492 3866 535 3932 ad
561 3867 725 3956 judicium
760 3867 869 3950 brer-it,
905 3868 932 3932 si
966 3889 1041 3933 cum
1071 3866 1193 3932 incolis
1227 3868 1385 3957 quaedam

93 3966 223 4055 cgenda
244 3968 397 4056 haberet3
418 3970 511 4038 finita
531 3992 611 4038 vero
632 3973 761 4038 actione
776 3970 939 4060 judiciali,
968 3980 1002 4038 et
1030 3971 1301 4063 quandocunque
1321 3995 1384 4041 rem

94 4094 186 4138 surm
207 4074 441 4159 terminaverit,
465 4098 658 4165 quocunque
679 4075 812 4142 demum
833 4075 940 4160 modo,
960 4086 998 4142 ut
1018 4076 1105 4142 ultra
1126 4087 1196 4143 tres
1217 4077 1295 4146 dies
1314 4080 1387 4146 Pra-

95 4198 160 4265 gae
180 4199 218 4244 se
237 4200 305 4246 non
326 4177 486 4265 detineut3
509 4180 566 4248 illo
587 4204 667 4248 vero
688 4192 834 4271 tempore
855 4181 955 4249 hicet
975 4181 1055 4248 alibi
1067 4204 1143 4247 cum
1165 4182 1289 4250 incolis
1303 4183 1386 4251 nulls

96 4283 325 4350 conventicula
358 4294 392 4350 ct
412 4284 551 4352 consilia
579 4284 708 4352 habeat
753 4285 906 4353 Secundo
927 4285 989 4352 sub
1016 4284 1082 4352 tide
1110 4299 1145 4352 et
1165 4287 1298 4356 honore
1317 4311 1387 4380 pro·

93 4387 224 4452 mittere
243 4385 367 4473 debuit,
397 4390 467 4456 sia
488 4390 589 4479 Rege,
617 4400 675 4456 aut
695 4389 828 4457 domino
849 4413 1002 4480 supremo
1021 4390 1233 4479 Burggnvio
1256 4406 1387 4485 quatuor

93 4491 285 4579 reptimunis
305 4504 382 4560 ante
403 4494 577 4561 terminum
608 4493 721 4561 datum
750 4495 868 4562 citatus
899 4495 1000 4562 inerit
1025 4495 1070 4562 ad
1089 4495 1288 4588 ubieunque
1308 4522 1386 4567 eem-

93 4592 286 4678 panndum,
314 4618 351 4662 se
371 4597 458 4666 velle
489 4597 625 4666 obedire
653 4609 687 4665 et
711 4597 898 4689 ubicunque
931 4599 1137 4687 sabatae-em
1166 4603 1256 4672 baec
1287 4605 1388 4674 omn'n

95 4696 244 4767 sesetu
274 4700 688 4792 exequisoliregimanu
716 4704 1047 4794 stipnhtapmmisin
1088 4704 1221 4779 Borea
1252 4718 1386 4781 aunoet
