2946 5086
167 177 216 253 92

167 352 277 421 nulius
305 352 501 433 nominatur,
536 353 592 439 qui
623 351 742 420 similia
773 351 970 442 protulisset,
1007 374 1051 421 ex
1083 375 1149 444 quo
1180 354 1273 423 clare
1310 354 1456 441 cognosci

165 466 281 548 potest,
304 456 393 524 dicte
413 457 494 525 daec
517 479 590 524 esse
611 459 805 546 excogitata,
826 456 912 542 ficta,
934 457 1018 525 falsa
1039 466 1073 525 et
1093 456 1337 550 improbabilis

142 646 146 655 Ι
250 562 351 647 Item3
380 561 467 651 quod
487 570 576 629 certe
595 562 654 629 illa
674 564 769 649 signu
791 570 824 629 ot
844 563 950 629 minas
972 566 1149 648 concernit,
1172 564 1292 631 dehis
1312 585 1373 630 nos
1394 585 1452 630 non

164 667 327 751 scivimus,
348 688 455 756 neque
477 668 559 756 quis,
583 666 693 734 stubi
714 668 761 733 its
781 667 926 735 minatus.
943 667 1053 757 fuerit,
1082 690 1189 757 neque
1210 677 1371 736 tortorum
1393 667 1452 737 fas·

164 772 273 838 siones
293 792 354 838 nos
376 780 585 852 concernunt,
614 773 680 838 imo
701 771 766 859 ipsi
787 770 829 859 de
851 766 887 838 se
908 771 990 839 fassi
1011 781 1095 859 suut,
1132 773 1221 863 quod
1242 774 1451 843 intentionem

164 875 283 943 malam
303 898 370 943 non
391 875 572 960 habuerint,
594 897 701 965 neque
723 874 766 940 de
787 873 874 942 melo
897 879 1039 965 quodam
1060 879 1226 961 sciverint,
1263 878 1373 945 minus
1391 902 1444 968 pro

123 976 126 983 ’
163 980 249 1048 malo
280 980 420 1071 quodem
441 1004 477 1048 se
499 983 696 1070 paraverint,
740 990 773 1048 et
794 983 919 1051 situlis
942 982 1102 1073 quaedam
1123 981 1268 1070 suspicio
1290 983 1326 1049 iu
1347 981 1442 1071 aliquo

162 1084 371 1171 inveniretur,
407 1086 463 1154 ille
492 1107 551 1174 pro
573 1107 609 1151 se
630 1086 702 1174 ipso
722 1080 838 1155 reddet
858 1090 1027 1172 rationem,
1064 1088 1130 1178 qui,
1161 1084 1302 1174 quando
1336 1086 1466 1175 aliquid!

164 1189 292 1259 locutus
326 1192 380 1257 vel
401 1191 541 1283 minatus
562 1190 674 1276 fuerit3
709 1192 792 1259 sicut
813 1190 855 1259 ad
878 1214 961 1282 quae
981 1193 1139 1280 magister
1163 1190 1312 1258 Joannes
1333 1191 1437 1259 Pessek
1460 1214 1466 1253 ε

165 1318 200 1365 se
221 1297 471 1385 praeparaverit,
493 1294 699 1362 considerare
720 1293 913 1384 dignemini,
937 1306 1034 1386 prout
1054 1297 1182 1363 Bonuss
1204 1297 1410 1385 recognoscit
1464 1360 1466 1365 .

246 1400 329 1467 Item
351 1422 574 1467 asseveramus
597 1399 690 1467 Suee'
704 1401 888 1486 Serenitati,
910 1402 998 1491 quod
1034 1401 1076 1468 de
1096 1401 1256 1471 militibus
1288 1402 1344 1470 rel
1361 1400 1435 1468 turbs

165 1504 313 1595 quadam,
338 1512 370 1571 et
391 1505 434 1571 de
454 1505 552 1571 nullis
583 1506 727 1573 consiliis
760 1509 960 1592 sciverimus,
988 1507 1183 1591 nesciemus,
1206 1516 1240 1575 et
1260 1524 1368 1596 neque
1384 1527 1434 1597 cre¹

164 1611 280 1696 dimus,
303 1610 389 1699 quod
411 1610 525 1678 saltem
541 1612 632 1700 juste
653 1613 812 1701 quaedam
835 1610 1056 1680 demonstrem
1077 1614 1213 1702 possint.

169 1785 171 1789 ,
249 1716 413 1803 Rogemus
433 1715 546 1782 itidem
569 1715 783 1785 serenitatem
805 1717 966 1804 Vestram,
987 1725 1025 1784 ut
1043 1717 1183 1806 publice.
1197 1715 1351 1784 cumillis
1363 1711 1435 1780 sudi·

163 1842 264 1905 amur,
297 1819 355 1887 ubi
386 1821 572 1887 innocentia
592 1829 703 1888 nostra
731 1845 811 1890 vere
832 1829 1056 1908 cognoscetur.
1099 1819 1198 1902 Quod
1234 1831 1343 1888 autem
1372 1817 1434 1885 ulios

164 1923 316 1991 trticulm
338 1926 520 2009 concernit*
552 1933 627 1991 sunt
647 1925 779 2014 quidam
800 1926 987 2013 excogitati,
1020 1923 1151 1993 ridiculi
1187 1931 1221 1991 et
1241 1923 1353 2013 inepti,
1372 1917 1435 1988 oihil

163 2029 311 2098 veritatis
332 2028 376 2112 hi,
398 2029 483 2095 sicut
503 2027 560 2095 alii
581 2032 795 2098 conduentes.

248 2132 311 2198 His
333 2124 482 2198 omnibus
510 2132 628 2199 auditis
660 2135 714 2201 ad-
739 2133 841 2201 verba
872 2132 1004 2199 illorum
1022 2119 1025 2127 ¹
1041 2132 1174 2222 (quibus
1195 2154 1284 2200 nunc
1306 2139 1340 2198 et
1359 2136 1436 2197 entes

163 2238 357 2326 petiverunt,
379 2244 415 2301 ut
435 2259 511 2325 pars
533 2239 695 2305 conteris
716 2239 759 2304 ad
780 2239 854 2305 illos
877 2238 1075 2323 admittatur,
1112 2247 1146 2306 et
1167 2238 1211 2305 de
1234 2237 1356 2327 quibus
1375 2233 1435 2301 illos

103 2376 107 2383 ·
164 2350 330 2429 suspectos
352 2342 482 2426 hebent,
513 2351 544 2409 et
566 2364 650 2432 quae
672 2342 714 2409 de
735 2343 801 2409 illis
824 2330 1007 2431 loquuntur,
1044 2344 1080 2409 in
1119 2342 1309 2431 praesentia
1340 2337 1436 2406 sudes

163 2455 196 2512 et
215 2448 411 2536 respondero
432 2448 566 2537 possint,
604 2456 672 2513 turn
708 2447 805 2514 etiarn
837 2449 1057 2514 innocentem
1087 2447 1317 2527 demonstrare·
1335 2443 1435 2520 velint)

162 2554 315 2642 prinecps
336 2553 509 2643 respondit·
536 2554 683 2640 sequenti
705 2553 811 2637 modo,
842 2553 928 2642 quod
955 2574 1074 2642 nempe
1106 2552 1246 2641 necilli
1272 2570 1376 2639 neque
1394 2544 1438 2612 sir

164 2658 281 2745 legatis
302 2658 344 2725 ad
372 2658 550 2752 judicium¹
569 2657 732 2746 quoddam
759 2658 816 2724 vel
838 2680 1027 2746 processum
1056 2654 1302 2751 instituendum,
1336 2670 1439 2736 aroge

163 2762 349 2829 mandatum
381 2763 483 2829 ullum
505 2762 615 2828 datum
645 2763 696 2846 sit,
733 2772 796 2828 nec
809 2762 861 2829 -ed
883 2756 1081 2828 audiendum
1104 2762 1229 2849 aliquid
1253 2765 1330 2847 tale,
1366 2756 1438 2848 qnod

162 2867 212 2933 illi
232 2874 355 2956 petunt,
387 2867 445 2933 sed
466 2876 502 2934 ut
524 2866 628 2934 solum
650 2866 814 2956 quaelibet
835 2889 912 2956 pars
934 2866 1197 2935 informationem
1231 2892 1326 2936 susm
1345 2867 1438 2955 depo·

164 2980 230 3054 nst,
252 2968 389 3064 ideoque
411 2971 487 3039 huic
507 2972 607 3060 petito
628 2971 759 3038 illorum
781 2971 933 3038 satisfieri
953 2993 1020 3050 non
1040 2993 1148 3060 posse.
1360 2973 1361 2976 ’

702 3109 849 3230 esron
871 3164 923 3231 34.

165 3275 228 3342 Ubi
263 3274 428 3339 referuntur
459 3278 603 3353 responsa
634 3274 759 3353 propria
779 3273 908 3335 «ioannis
930 3272 1068 3344 Eleusa,
1106 3264 1137 3330 ei
1158 3266 1280 3333 Nicolai
1313 3266 1438 3339 Sohorii;

438 3361 511 3421 item
532 3362 731 3440 Pregensium
753 3381 854 3423 coram
875 3359 1011 3441 principe
1032 3359 1158 3437 prolata.

249 3516 426 3604 Postquam
459 3535 538 3605 ergo
573 3514 775 3603 incarcerati,
813 3534 888 3578 cum
920 3511 1048 3582 Joannc
1088 3508 1224 3577 Hiawsa
1257 3519 1290 3578 et
1322 3510 1436 3578 Nicolso

168 3619 306 3705 Schorff,
329 3619 415 3708 quod
435 3621 628 3708 petiverunt,
652 3617 798 3684 obtinere
819 3639 885 3683 nou
907 3616 1097 3706 potuissent,
1120 3615 1361 3704 responderunt
1383 3615 1434 3680 sin·

166 3725 234 3814 guli
255 3725 390 3792 seorsim
412 3733 524 3792 contra
553 3703 812 3790 informationem
844 3732 876 3786 et
909 3722 1147 3787 accusationem
1168 3720 1437 3806 progenerans

166 3830 295 3922 quidem
318 3831 424 3918 primo
444 3829 588 3895 Joannes
611 3827 746 3893 Hlawsa
766 3829 892 3893 ratione
915 3825 1091 3910 literarum,
1129 3825 1314 3915 dequibus
1342 3821 1435 3893 menti-

165 3958 260 4002 onem
292 3935 370 4001 fecit
390 3933 525 4018 Passek,
567 3933 653 4022 quod
675 3955 696 3999 a
716 3955 795 4020 rege
829 3931 872 3998 ed
894 3930 1143 3997 consistoriales·
1169 3933 1290 3998 missae
1321 3931 1431 4007 fuerint,

165 4040 220 4128 qui
242 4044 298 4108 eos
319 4038 361 4105 ad
384 4047 532 4105 senatum
553 4028 819 4120 transmittentes,
843 4037 973 4104 endem
996 4038 1046 4104 illi
1068 4036 1202 4102 Hlawsa
1224 4035 1363 4111 traditae
1382 4034 1433 4098 sint

166 4152 237 4230 etc,
260 4146 316 4234 qui
338 4140 458 4211 edixit:
497 4140 582 4230 quod
604 4142 646 4208 ad
669 4152 817 4209 senatum
838 4165 904 4221 non
926 4144 1144 4232 pervenerint,
1184 4164 1277 4207 suam
1301 4143 1435 4207 innocen·

165 4251 243 4315 tiam
264 4250 460 4318 sufficienter
481 4248 717 4331 demonstrans,
748 4259 781 4315 et
802 4249 888 4338 quod
912 4263 1039 4338 semper
1060 4257 1166 4330 antea,
1204 4247 1290 4313 sicut
1312 4243 1436 4313 nuncin

166 4343 271 4420 officio
293 4356 386 4421 sulae
403 4353 526 4445 judicis
550 4375 586 4420 se
608 4375 687 4441 erga
707 4353 845 4441 Regiam
866 4356 1082 4445 Majestetem,
1119 4362 1155 4419 ut
1175 4351 1283 4419 fidelis
1307 4347 1437 4419 subditus

110 4542 113 4547 Ι
167 4453 252 4522 Suae
272 4452 452 4549 Mejestatis
475 4459 620 4544 gesserit.

251 4563 396 4634 Tandem
416 4568 567 4635 Nicotaus
589 4566 719 4634 Schorff
748 4565 861 4644 edixit,
899 4586 935 4631 se
956 4585 1120 4652 nunquam
1155 4559 1274 4627 talibus
1308 4561 1398 4627 malis
1416 4562 1441 4622 et

169 4668 330 4740 erroribus
352 4672 527 4740 obnoxium
546 4681 725 4761 repertum
745 4671 857 4753 fuisse,
895 4669 993 4734 etita
1016 4691 1050 4734 se
1073 4668 1113 4734 ab
1136 4667 1286 4733 omnibus
1314 4682 1443 4756 purgare

161 4788 300 4865 constas
320 4776 391 4856 fuit,
413 4777 455 4844 de
480 4775 607 4843 Passek
628 4776 759 4861 dicens3
795 4771 883 4861 quod
903 4771 1074 4839 consilium
1095 4772 1137 4839 de
1159 4770 1328 4839 sacerdote
1352 4770 1444 4839 Mirus
