2946 5086
1314 142 1381 214 '213

92 314 322 410 Perknowsky
343 319 390 385 ita
410 316 527 404 dictus,
561 319 684 387 ordinis
707 320 867 409 equestris
895 320 939 388 de
959 320 1100 392 Turnow
1119 320 1257 408 Pragam
1286 317 1382 386 adve-

90 425 184 507 nerit,
215 423 284 508 ubi,
306 446 424 514 nempe
446 425 620 502 Turnowii,
643 424 843 494 domicilium
866 448 972 493 snum·
987 426 1120 511 habuit3
1153 425 1284 492 advenit
1306 444 1383 510 ergo

88 527 191 616 plane
214 528 272 595 illo
295 537 450 617 tempore,
474 529 551 596 dum
573 529 605 594 hi
629 529 670 596 ad
692 541 831 599 mortem
854 531 1054 597 ducerentur.
1099 530 1258 598 Cantante
1286 529 1385 614 igitur

86 630 228 698 Nicolao
263 643 391 699 cantum
429 634 658 720 christianum,
692 640 856 726 apparitor
888 636 1111 724 proclamavit-
1142 644 1175 701 et
1209 631 1386 700 insinuavit

92 761 226 813 cansam
248 741 484 827 ignominiosae
506 742 619 810 mortis
643 767 774 831 eorum,
797 765 925 828 nempe,
948 741 1034 830 quod
1064 739 1226 828 quendam
1242 758 1384 803 errorem

91 854 123 910 et
158 838 337 912 falsitatem
369 846 566 914 haereticam
595 851 806 938 pertinaciter
837 849 976 914 retineat
1006 843 1181 926 Nicolaus,
1213 841 1383 930 proferens

89 941 192 1018 verba
214 949 405 1038 blasphema
427 951 467 1018 de
490 975 625 1043 corpore
648 963 681 1020 et
708 955 865 1042 sanguine
877 949 999 1020 Christi
1013 948 1158 1030 Domini,
1180 968 1278 1034 quem
1300 966 1385 1010 erro·

89 1076 160 1122 rem
181 1064 220 1121 nt
240 1055 379 1140 deserat,
411 1056 498 1144 quod
527 1058 569 1124 ab
599 1069 736 1147 utroque
768 1068 852 1125 statu
874 1057 1057 1124 admonitus
1089 1052 1195 1135 fuerit,
1227 1050 1284 1116 illo
1305 1071 1384 1117 vero

91 1161 249 1248 pertinax
269 1170 468 1248 permaneat,
492 1168 527 1228 et'
546 1162 588 1228 ab
610 1163 672 1229 hao
694 1163 822 1229 haeresi
843 1182 1048 1251 nequaquam
1069 1157 1213 1225 amoveri
1234 1155 1384 1243 potuerit

90 1262 238 1353 Ideoque
260 1266 444 1353 quicunque
465 1266 501 1330 in
522 1265 579 1331 tali
604 1265 722 1332 delicto
744 1265 965 1358 deprehensus
994 1265 1100 1346 fuerit,
1133 1259 1228 1327 etde
1250 1279 1385 1344 corpore

90 1366 215 1434 Christi
238 1368 427 1457 blaspheme
448 1370 643 1458 loqueretur,
667 1380 699 1436 st
721 1373 836 1458 corrigi
858 1379 915 1436 aut
937 1367 1102 1436 emendari
1129 1362 1277 1454 potuerit,
1300 1359 1386 1448 qnod

90 1472 207 1538 adem
228 1474 290 1561 ipsi
314 1474 463 1541 accidere
486 1466 636 1560 debeant,
659 1477 743 1542 sicut
763 1476 814 1541 his
830 1474 986 1542 hodierna
1009 1474 1071 1558 die,
1095 1472 1206 1560 quiin
1228 1491 1286 1534 sua
1307 1468 1385 1533 hae·

91 1578 156 1642 resi
191 1577 344 1645 obstinati
378 1588 461 1663 sunt,
492 1603 627 1669 eamque
661 1580 811 1647 deserere
843 1581 966 1647 nolunt.
1019 1577 1109 1644 Inter
1137 1576 1218 1641 haec
1249 1573 1389 1638 accessit

91 1679 221 1748 eosdem
246 1680 394 1749 dominus
405 1683 538 1774 Hyneh,
548 1687 755 1773 'interrogans
772 1709 837 1771 eos,
859 1710 901 1752 an
914 1684 1038 1773 aliquid
1049 1691 1161 1751 contra
1171 1679 1269 1745 fidem
1285 1677 1385 1745 chris·

92 1788 210 1854 tianam
242 1787 448 1855 credant‘let
477 1790 555 1856 dum
576 1791 714 1881 populus
736 1791 899 1858 fremitum
922 1792 1006 1858 inter
1029 1813 1064 1856 se
1094 1787 1214 1869 ederet,
1237 1788 1385 1877 quisnam

93 1894 313 1978 quaestionem
351 1892 437 1960 hanc
469 1894 535 1961 illis
567 1895 793 1984 proponeret?
824 1906 890 1961 tum
916 1886 1070 1976 Nicolaus
1100 1896 1222 1982 incepit
1242 1889 1386 1980 profiteri

93 1996 189 2064 fidem
222 2020 313 2062 suam
345 1997 410 2062 alta
431 2020 512 2064 voce
546 1997 675 2064 dicens:
698 1998 770 2085 Ego
801 1999 899 2067 credo
933 1999 968 2065 in
991 2022 1091 2065 unum
1123 1999 1232 2064 Deum
1262 2016 1385 2076 verum,

93 2104 214 2169 trinum
235 2103 271 2166 in
292 2104 457 2189 personis3
481 2103 578 2171 credo
601 2106 635 2169 in
657 2105 765 2171 Deum
787 2105 926 2188 Patrem,
961 2114 993 2170 et
1013 2106 1048 2169 in
1072 2104 1185 2171 Jesum
1219 2098 1386 2167 Christum

90 2205 194 2274 filium
218 2207 289 2294 ejus
324 2215 383 2273 etc.
418 2216 451 2273 et
470 2209 506 2273 in
528 2208 684 2297 Spiritum
706 2208 859 2277 Sanctum
893 2218 955 2276 etc.
999 2206 1106 2276 Credo
1122 2210 1220 2298 juxta
1242 2213 1387 2271 sanctam

87 2313 269 2409 ecclesiam
288 2323 324 2395 et
344 2312 442 2379 fidem
465 2313 673 2381 christianam
695 2324 768 2399 eta,
800 2315 895 2381 simul
917 2316 1021 2381 oravit
1043 2313 1086 2380 ad
1107 2314 1214 2379 Deum
1236 2333 1295 2399 pro
1319 2310 1386 2375 suis

84 2418 247 2501 inimicis,
269 2425 306 2483 ut
326 2417 391 2482 illis
413 2419 571 2504 ignoscat,
596 2421 672 2509 quia
692 2404 852 2505 nesciunt,
875 2441 958 2510 quae
979 2427 1078 2506 agant
1101 2420 1133 2484 et'
1154 2420 1206 2483 cui
1222 2416 1385 2482 resistant·

80 2522 170 2593 Post
190 2523 275 2589 haec
296 2523 342 2589 ait
363 2523 522 2590 Dominus
544 2524 683 2623 Hynek:
707 2528 805 2592 etiam
828 2547 888 2613 ego
923 2526 969 2590 ita
1001 2523 1098 2590 credo
1121 2522 1334 2589 communiter
1356 2512 1389 2586 'et

82 2628 290 2712 christiane,
324 2626 367 2692 ad
399 2626 481 2717 haec
503 2628 596 2725 multi
620 2629 852 2714 exclamamnt,
886 2629 972 2720 quod
1004 2649 1176 2718 perversus
1198 2647 1387 2715 perversum

83 2732 251 2800 defendat
272 2741 305 2798 et
338 2734 508 2801 confortet.
544 2735 606 2802 Ille
627 2758 706 2801 vero
723 2737 794 2825 jam
816 2737 906 2824 prius
928 2734 1127 2821 intelligens,
1150 2732 1238 2822 quod
1259 2739 1390 2822 propter

84 2841 180 2906 hunc
203 2838 374 2905 articulum
396 2841 473 2907 fidei
496 2840 702 2907 condemnati
726 2844 799 2925 sint,
832 2841 907 2930 quia
936 2840 1050 2906 nolunt
1082 2837 1246 2905 Christum
1277 2860 1389 2931 perso·

84 2943 212 3011 naliter
232 2944 267 3008 in
290 2945 465 3010 sacerdotis
488 2945 636 3011 manibus
658 2956 862 3034 praesentem
895 2967 1072 3034 agnoscere
1095 2951 1127 3009 et
1148 2943 1302 3033 profiteri,
1332 2941 1389 3007 sed

88 3048 201 3115 solum
223 3070 243 3114 a
265 3048 428 3134 dexteris3
463 3049 540 3136 hinc
561 3048 702 3116 addidit:
725 3050 769 3116 Et
791 3052 888 3117 etiam
910 3072 971 3138 ego
994 3049 1101 3133 credo,
1133 3047 1219 3136 quod
1242 3046 1390 3114 Christus

87 3154 192 3221 iesus
215 3154 312 3220 sitin
334 3155 434 3221 coelis
457 3154 499 3220 ad
521 3153 691 3222 dexteram
713 3157 819 3222 Patris
853 3157 912 3222 sui.
955 3154 999 3220 Et
1028 3154 1105 3220 dum
1135 3154 1216 3218 haec
1243 3151 1390 3232 dixisset,

86 3258 202 3357 judex,
233 3257 324 3325 illum
358 3263 432 3350 capi
448 3263 558 3351 jussit,
599 3270 631 3328 et
661 3262 753 3328 multi
786 3262 828 3327 de
848 3258 945 3349 plebe
977 3259 1206 3340 exclamarunt,
1229 3265 1265 3320 ut
1294 3255 1390 3319 etiam

92 3363 236 3431 eundem
257 3385 395 3453 nequam
418 3390 607 3454 perversum
630 3390 703 3433 cum
725 3367 796 3432 istis
819 3364 1019 3447 comburant,
1043 3364 1118 3450 quia
1141 3382 1196 3428 eos
1218 3363 1252 3425 in
1283 3368 1403 3424 errore·
1453 3406 1456 3412 -

93 3470 273 3536 confirmat.
316 3471 382 3538 Hic
403 3495 481 3540 vero
504 3473 609 3538 dixit:
632 3471 718 3560 quod
740 3471 822 3537 haec
843 3493 915 3537 cum
939 3469 1003 3535 illis
1024 3470 1059 3534 in
1081 3467 1235 3533 honorem
1257 3464 1391 3529 Domini

95 3576 177 3643 Jesu
201 3575 323 3643 Christi
345 3577 543 3665 profiteatur.
587 3577 742 3643 Famulus
765 3599 852 3660 vero,
877 3575 932 3662 qui
955 3597 1028 3640 eum
1051 3573 1093 3638 ad
1116 3593 1262 3638 carceres
1285 3568 1389 3651 duxit,

96 3679 275 3770 objiciebat
296 3683 336 3766 ei,
360 3681 446 3770 quod
468 3681 546 3749 istos
568 3681 746 3747 firmaverit
767 3683 802 3746 in
832 3679 1034 3769 blasphemia
1067 3686 1179 3742 contra
1212 3694 1391 3738 sacramen-

96 3794 164 3850 tnm
203 3786 425 3864 eucharistiae,
449 3786 726 3874 interrogavitque
749 3810 833 3879 eum,
856 3809 898 3852 an
921 3785 1043 3868 credat,
1060 3783 1141 3875 'dum
1163 3778 1315 3845 sacerdos
1337 3798 1392 3864 pa·

97 3913 172 3956 nem
191 3888 356 3956 benedicit
378 3899 411 3956 et
432 3895 614 3968 consecrat,
630 3890 717 3979 quod
739 3890 861 3956 ibidem
884 3913 1000 3978 corpus
1023 3887 1144 3957 Christi
1176 3881 1283 3950 adsit?
1315 3880 1393 3963 Res-

98 3995 212 4084 pondit
232 3994 306 4060 ille:
331 3994 449 4080 Credo,
471 3994 548 4061 dum
572 3994 722 4060 sacerdos
736 3993 857 4061 Christi
880 4002 1057 4076 consecrat,
1080 3990 1166 4080 quod
1190 3989 1275 4054 adsit
1286 4007 1393 4051 essen-

101 4102 218 4167 tialiter
252 4109 284 4165 et
315 4088 569 4166 substantialiter
601 4121 714 4164 verum
752 4121 868 4186 corpus
906 4098 1037 4164 Christi.
1081 4093 1251 4162 Accedens
1286 4098 1393 4154 autem

101 4206 179 4272 alius
203 4204 289 4272 dixit
311 4207 361 4298 eir
381 4206 431 4270 Tu
453 4204 552 4290 igitur
574 4226 639 4268 non
662 4202 779 4283 credis,
801 4201 888 4291 quod
912 4203 1096 4269 sacerdotes
1118 4202 1299 4284 Pragenses
1330 4195 1395 4257 sint

101 4311 285 4381 sacerdotes
319 4309 466 4376 Christi?
502 4308 682 4398 Respondit
703 4307 780 4374 ille:
798 4301 878 4374 ¹Non
903 4301 1023 4391 credo,
1060 4330 1134 4373 nam
1159 4306 1186 4369 si
1217 4301 1393 4380 crederem,

99 4421 194 4486 etiam
219 4416 274 4481 hic
290 4415 464 4481 ‘vobiscum
486 4436 719 4504 permanerem,
743 4414 799 4479 uhi
823 4415 919 4478 etiam
941 4408 1168 4479 antecedenter
1198 4403 1395 4471 domicilium

96 4523 205 4593 habui.
229 4521 292 4586 His
316 4520 410 4586 dictis
432 4520 525 4586 illum
541 4520 582 4584 ad
605 4541 751 4584 carceres
774 4518 944 4583 duxerunt.
992 4515 1138 4581 Tandem
1156 4511 1261 4601 judex
1291 4506 1395 4573 eidem

93 4632 299 4719 colloquens,
323 4627 408 4691 inter
429 4624 494 4691 alia
516 4623 600 4697 dixit
622 4625 666 4706 ei,
685 4624 771 4709 quod
792 4621 839 4688 illi
862 4643 918 4687 eos
940 4621 1087 4688 homines
1108 4619 1149 4686 ad
1182 4624 1317 4681 mortem
1331 4632 1397 4677 non

92 4736 398 4818 condemnaverint,
420 4732 479 4800 sed
502 4731 687 4800 sacerdotes
703 4739 736 4797 et
746 4727 972 4795 consistorium
994 4725 1139 4792 inferius.
1166 4717 1295 4789 Deinde
1305 4715 1397 4784 illum
