2946 5086
1286 147 1331 215 65

70 318 186 387 »bunc
208 323 318 385 actum
340 317 376 382 in
398 316 549 382 effectum
570 312 824 401 perducendum,
860 312 946 400 quod
970 336 1068 402 saepe
1103 313 1183 379 dicti
1206 317 1330 402 captivi

70 443 108 491 11
129 422 302 514 adjutores
327 419 476 486 aluerint

72 584 81 617 s
115 524 242 593 Hicin
264 525 403 591 veritate
426 522 492 589 diei
514 531 634 610 posset,
672 521 759 607 quod
794 518 881 607 apud
903 519 1022 585 multas
1055 521 1146 587 leves
1179 521 1328 587 femellas

70 628 338 698 111111111ᾶί11
351 628 545 709 inveniatur,
570 648 667 714 quam
689 625 776 712 apud
799 623 898 690 talem
922 623 1054 707 elerum,
1079 628 1134 711 qui
1165 648 1328 691 venenum

70 716 125 811 11111
161 732 238 820 lege
259 732 325 796 Dei
358 731 512 816 obtegere
545 752 642 794 ausus
675 729 756 813 suit,;
793 739 881 793 certe
904 728 1042 792 daemon
1066 729 1101 792 id
1125 752 1181 795 eos
1204 730 1328 812 docuit,

70 838 159 905 dita
181 836 321 903 subdole
333 836 512 900 Dominum
535 857 629 900 suum
651 833 810 899 allocutus
831 833 901 898 fuit.
926 832 1015 897 Dum
1033 855 1181 918 ergonee
1194 834 1331 921 perinde

70 922 156 1009 iius
180 941 401 1028 Pragensium
422 939 529 1004 adhuc
553 938 759 1020 substitisset,
784 946 1012 1002 converterunt
1033 937 1176 1002 ferocem
1188 940 1332 1005 animum

69 1064 128 1113 um
149 1045 195 1111 ad
218 1043 435 1130 exquirendos
445 1042 649 1120 Pickhartas,
672 1041 867 1124 carceribus,
892 1053 927 1106 et
948 1041 1021 1105 aliis
1032 1040 1263 1107 afflictionibus
1277 1063 1333 1107 eos

69 1147 243 1239 frigendo,
268 1146 355 1235 quod
377 1149 475 1213 etiam
496 1147 703 1235 perfecerunt
724 1170 808 1212 unus
825 1155 937 1211 eontra
951 1143 1097 1228 alterum,
1121 1145 1197 1210 dum
1220 1155 1333 1210 contra

70 1253 181 1323 vicem
204 1252 247 1318 ab
269 1251 394 1337 aliquot
413 1253 506 1316 annis
518 1251 628 1317 odium
639 1251 771 1338 aliquod
784 1251 947 1333 foverunt,
964 1249 1093 1336 quando
1105 1272 1222 1338 nempe
1240 1253 1330 1337 juste

69 1380 116 1425 ins
137 1355 237 1423 alteri
259 1355 405 1421 debitum
438 1355 572 1442 aliquod
604 1356 784 1438 tenebatur,
819 1354 874 1421 vel
907 1354 947 1419 ob
984 1375 1208 1440 quameunque
1230 1355 1329 1419 aliam

69 1482 144 1529 rem
156 1469 192 1526 et
204 1461 408 1525 temerariam
425 1480 567 1542 causam,
592 1470 624 1525 et
648 1461 706 1524 sia
722 1458 882 1524 creditore
905 1481 962 1523 suo
985 1459 1027 1522 de
1049 1458 1111 1524 hoc
1132 1458 1242 1523 debito
1265 1480 1333 1524 mo-

69 1574 122 1632 lus
144 1564 272 1646 fuerat,
295 1564 421 1646 volens,
442 1572 478 1628 ut
501 1563 647 1628 debitum
668 1562 750 1629 illud
771 1564 912 1627 retinere
934 1564 1047 1649 possit,
1070 1563 1226 1628 indicium
1242 1562 1333 1627 dedit

69 1671 122 1755 iis,
144 1666 241 1735 illum
264 1666 473 1733 Pickhartam
497 1689 568 1733 esse
601 1669 700 1747 (sieut
729 1677 863 1734 venator
892 1666 1027 1732 canibus
1062 1689 1159 1754 super
1191 1667 1335 1755 leporem

69 1772 197 1841 dicium
207 1773 263 1840 vel
285 1771 494 1860 signumdat)
519 1783 550 1838 et
562 1771 754 1837 Bethlehem
777 1772 922 1858 aliasque
940 1771 1095 1837 ecclesias
1112 1770 1337 1837 Piekhartieas

69 1885 275 1967 equentasse,
314 1875 544 1962 accusavitque
577 1876 670 1941 illum
693 1874 832 1940 subdole
854 1877 889 1939 in
912 1875 1060 1941 absentia
1082 1874 1179 1958 illius,
1218 1899 1335 1964 nempe

68 1986 140 2049 ntis
163 1979 324 2047 adversae
358 1979 469 2066 (fuerit
491 1978 546 2044 ille
580 1989 750 2047 accusator
787 1977 1022 2066 qualiscunque
1045 1980 1080 2043 in
1104 1979 1230 2044 actibus
1255 1980 1335 2068 suis)

68 2085 129 2150 :in
151 2104 302 2150 carceres
327 2106 400 2148 eum
422 2083 556 2171 perduci
568 2085 762 2173 procuravit,
787 2084 963 2170 etquidam
986 2105 1046 2170 per
1059 2085 1238 2148 territorias
1262 2105 1337 2148 con·

68 2188 244 2277 uipserunt
264 2187 376 2252 literas
399 2186 528 2252 dolosas
562 2198 594 2252 et
608 2187 737 2252 insidiis
760 2187 884 2274 plenas,
906 2190 940 2252 in
964 2187 1081 2272 quibus
1104 2187 1185 2251 false
1208 2196 1336 2252 attesta-

68 2301 172 2377 sntur,
208 2315 330 2379 easque
363 2291 498 2374 consuli,
535 2293 589 2358 vel
619 2294 653 2357 in
677 2293 914 2376 consistorium,
952 2293 1004 2358 vel
1027 2293 1091 2359 alio
1114 2292 1334 2378 porrigebant,

68 2395 131 2483 nod
152 2396 333 2463 directores
365 2419 426 2484 pro
459 2405 547 2461 certa
578 2399 715 2463 veritate
738 2408 992 2484 assumpserunt,
1027 2407 1059 2462 et
1087 2402 1133 2464 ita
1156 2400 1337 2465 discordias

68 2510 257 2580 araverunt,
292 2501 426 2583 tamdiu,
462 2501 549 2586 quod
572 2500 690 2566 deinde
713 2503 844 2588 ipsimet
860 2503 930 2588 jam
953 2505 1093 2588 pertaesi
1116 2503 1242 2567 fuerint.
1274 2504 1341 2569 Ob·

68 2613 276 2673 sctamentum
305 2605 368 2670 hoo
399 2603 529 2670 illorum
551 2605 675 2670 tamdiu
698 2605 836 2688 duravit,
859 2606 1059 2691 usquedum
1083 2629 1182 2671 unum
1217 2610 1340 2673 socium

68 2704 95 2775 le
111 2710 239 2799 opificio
264 2709 489 2776 cultrariorum
522 2732 624 2797 penes
661 2710 838 2775 numellam
861 2711 982 2797 virgari
1010 2711 1197 2798 jussissent,
1238 2722 1270 2775 et
1299 2735 1343 2778 ex
1394 2762 1396 2767 -

67 2810 178 2881 tivitste
201 2814 310 2896 educi,
334 2813 375 2879 ob
397 2813 520 2878 nullam
542 2813 643 2878 aliam
669 2836 811 2897 causam,
835 2838 931 2899 quam
957 2817 1041 2900 quod
1064 2815 1151 2902 apud
1173 2817 1279 2904 ipsum
1291 2819 1342 2883 in·

67 2919 199 2987 emmim
221 2919 378 3005 scriptinn
399 2916 563 3003 quoddam
585 2918 626 2982 de
650 2927 853 2984 sacramento
876 2920 1031 3004 eltariaj
1036 2933 1115 2988 uxta
1137 2922 1243 3010 legem
1263 2926 1339 3008 Dei,

67 3022 285 3112 equibusdam
308 3023 529 3089 sacerdotibus
552 3024 807 3110 Pragensibust
808 3047 872 3089 une
895 3027 1076 3091 confectum
1101 3039 1213 3093 eontra
1237 3052 1344 3151 ‘expo-

67 3120 200 3195 &onem
223 3128 465 3210 monstrantiae,
499 3128 586 3213 quod
608 3129 740 3215 incipit:
772 3129 866 3193 Multi
843 3138 1047 3194 tvenerant
1049 3153 1082 3195 es
1106 3136 1234 3219 exposit
1235 3136 1343 3200 ionem

67 3232 193 3321 eorporis
208 3229 331 3299 christi
350 3240 410 3297 etc.
433 3231 518 3296 Mira
538 3254 591 3296 res
605 3241 653 3297 est
653 3282 662 3315 ,
686 3232 964 3319 quodPragenses
981 3234 1184 3303 haurientem
1197 3249 1260 3303 tam
1274 3249 1343 3305 tur·

67 3330 135 3419 liter
156 3335 347 3425 puniverint
369 3357 386 3400 e
388 3335 665 3422 tpotilatoremin
682 3358 765 3422 pace
787 3336 1080 3422 reliquerint3nam
1101 3340 1237 3406 clericos
1259 3343 1344 3426 illos,

68 3438 110 3521 qui
128 3440 285 3528 scriptum
307 3440 369 3505 hoc
391 3439 604 3522 ediderunt,
596 3464 629 3503 m
653 3464 733 3526 pace
756 3464 774 3504 e
796 3441 927 3506 civitate
896 3443 1199 3521 tdimiserunt,t
1187 3455 1343 3533 typogra-

70 3538 268 3627 1111111111,
302 3545 356 3630 qui
380 3542 442 3609 hoc
464 3545 621 3632 scriptum
643 3545 1121 3631 Pragaermpressitetille,
1156 3551 1210 3633 qui
1234 3552 1342 3616 multis

69 3636 239 3716 luminibus
272 3646 430 3730 vendidit,
465 3647 587 3713 nullam
617 3648 796 3716 adversitat
783 3660 849 3716 tem
871 3661 1051 3734 senserunt,
1090 3652 1188 3718 sed
1171 3655 1342 3721 cultrarius

67 3741 108 3819 lle
138 3755 223 3820 haec
257 3753 365 3818 omnia
399 3753 569 3818 exsolvere
602 3764 634 3818 et
657 3756 816 3820 sustinere
853 3754 976 3834 debuit,
1014 3755 1175 3844 flexisque
1206 3759 1345 3844 genibus

66 3858 174 3934 oseas
198 3857 266 3944 egit
284 3857 368 3940 Deo,
391 3856 478 3942 quod
501 3859 532 3922 ei
554 3858 616 3923 hoc
638 3857 759 3922 donum
781 3858 941 3943 tribuerit,
964 3871 1000 3924 ut
1021 3884 1079 3947 pro
1104 3862 1249 3950 ejusdem
1269 3886 1348 3928 vera

66 3947 124 4051 ltge
145 3959 268 4049 aliquid
290 3961 359 4048 pati
390 3961 540 4047 potuerit.
585 3960 697 4028 Noluit
719 3960 848 4029 diabolo
871 3964 998 4046 cedere,
1036 3967 1162 4051 dicens,
1200 3990 1235 4031 se
1268 3967 1341 4053 plus

66 4075 187 4157 ltopter
207 4075 343 4156 peccata
366 4086 424 4131 sua
445 4068 658 4152 promeritum
679 4068 788 4133 fuisse.

594 4238 740 4307 CAPUT
766 4241 818 4305 22.

66 4346 275 4419 itinerator
297 4357 404 4416 infelix
427 4377 525 4432 casus,
550 4359 618 4416 dum
642 4359 765 4433 quidam
787 4358 1014 4436 piotorpropter
1036 4361 1125 4417 fidem
1135 4360 1346 4438 incarceratus,

87 4454 117 4509 11
137 4445 264 4507 tandem
287 4461 353 4502 cem
378 4445 496 4504 Joanne
517 4444 668 4504 Kalenecz
691 4445 785 4521 virgis
810 4464 915 4503 caesus
939 4466 977 4504 ex
1000 4448 1073 4505 urbe
1098 4447 1221 4505 eductus
1245 4445 1311 4509 luit.

139 4525 291 4593 Tandem
312 4525 411 4611 paulo
433 4535 508 4613 post
531 4528 633 4591 sutori
656 4526 783 4591 cuidam
815 4525 903 4590 idem
926 4525 1136 4610 fecerunt,e
1119 4530 1324 4625 etstigma
1313 4555 1348 4596 1n

66 4623 168 4699 'solem
192 4627 303 4695 eidem
330 4629 515 4695 inusserunt
540 4630 581 4695 ob
603 4630 722 4695 falsum
742 4649 915 4709 rumorem,
939 4629 1026 4714 quod
1048 4629 1156 4716 proles
1179 4637 1350 4720 suasipse·

65 4742 117 4807 11
135 4733 366 4822 baptiscverit.
412 4734 492 4801 Post
514 4734 646 4821 aliquod
674 4736 792 4801 iterum
832 4743 959 4820 tempus
982 4733 1069 4801 circa
1090 4734 1173 4890 fegta
1203 4736 1350 4820 natalitia
