2946 5086
153 192 228 264 108.

689 382 844 452 cAPuT.
867 383 897 451 2.

149 496 211 558 Ubi
233 496 419 568 describitur,
442 496 544 574 quales
566 496 666 556 literas
688 495 834 554 Martinus
856 494 1007 553 Lutherus
1019 490 1109 566 Gallo
1126 482 1264 554 Czahera
1275 486 1411 571 scripserit

150 592 180 642 et
199 584 346 661 quomodo
377 593 446 660 post
475 585 603 642 reditum
625 604 644 641 a
673 582 805 641 Luthero
834 581 867 638 in
900 578 1090 639 concionibus
1121 578 1189 639 eum
1222 580 1412 652 dilaudaverit,

366 679 434 747 post
457 670 598 748 exiguum
621 690 691 729 vero
713 678 830 745 tempus
853 668 1024 745 immutatus
1046 669 1229 727 retrocessit.

235 785 329 851 Aliae
351 785 464 852 literae
487 784 582 852 Gallo
605 785 855 852 administratori
887 788 1013 850 missae¹
1028 786 1075 850 ita
1097 792 1232 850 sonant:
1248 810 1252 815 ·
1269 782 1374 850 Gratia
1391 788 1413 845 et

149 909 222 975 pax-
236 890 270 954 in
290 887 429 955 Christo.
462 889 565 968 Licet,
597 911 672 955 care
702 889 806 972 Galle,
829 888 986 977 judicem,
1010 887 1097 978 quod
1125 889 1224 954 nimis
1258 885 1365 952 tardae
1391 893 1413 949 et

149 995 263 1059 inanes
287 1003 381 1059 erunt
404 1016 495 1059 meae
518 995 709 1060 monitoriae
733 994 854 1078 literae,
878 994 994 1081 quibus
1018 1004 1051 1059 te
1074 1017 1094 1059 a
1116 1016 1152 1059 re
1175 993 1308 1080 incepta
1326 989 1409 1056 abdu-

152 1119 268 1175 cerem,
292 1120 365 1162 cum
381 1099 453 1186 jam
475 1098 532 1163 diu
555 1097 717 1162 occultare
739 1101 919 1165 cessaveris
943 1099 1034 1182 haee,
1058 1097 1175 1187 quibus
1190 1119 1262 1181 nos,
1286 1097 1411 1161 sicutne-

151 1209 220 1267 tum
242 1200 303 1266 tibi
326 1210 383 1284 eat,
406 1202 552 1268 indebito
574 1224 670 1268 cursu
692 1202 859 1290 decepisti,
884 1226 958 1269 cum
980 1212 1091 1292 aperte
1114 1201 1155 1268 ab
1170 1202 1285 1288 agnita
1297 1201 1410 1266 veritate

150 1305 302 1390 recedas3
338 1306 548 1372 nihilominus
570 1306 715 1373 ultimam
749 1307 856 1373 adhuc
891 1308 1066 1397 amicitiam
1086 1303 1334 1372 monstrandam
1362 1311 1410 1368 ten·

151 1418 220 1475 tare
241 1410 338 1475 volui.
360 1411 511 1492 Reverte,
533 1412 579 1475 mi
601 1410 705 1495 Galle,
729 1421 761 1477 et
781 1412 862 1497 redi,
884 1412 1039 1499 quamdiu
1059 1422 1187 1500 tempus
1210 1408 1322 1492 habes,
1343 1428 1412 1474 cessa

156 1514 229 1582 Deo
253 1523 285 1579 et
306 1514 435 1581 Christo
458 1515 633 1600 adversari,
662 1516 758 1582 homo
781 1532 831 1600 es,
858 1538 924 1581 non
945 1500 1042 1602 longo
1066 1525 1212 1602 tempore
1245 1518 1366 1596 vivens,
1391 1518 1412 1575 et

151 1618 286 1685 forsitan
309 1619 370 1684 hoc
392 1628 547 1708 tempore,
575 1642 638 1707 quo
661 1621 702 1685 de
724 1621 821 1687 rebus
843 1621 894 1687 his
916 1621 1009 1708 legis,
1031 1619 1096 1685 alia
1107 1619 1296 1706 excogitare
1308 1616 1410 1697 volens,

151 1723 423 1813 appropinquabit
455 1746 492 1789 eo
515 1726 609 1790 citius
641 1727 789 1792 interitus
823 1736 906 1809 tuus,
941 1736 973 1791 ct
1007 1746 1142 1790 necesse
1172 1745 1240 1789 non
1263 1725 1325 1789 erit
1342 1721 1412 1786 illum

154 1837 268 1917 sponte
291 1828 485 1894 accelerare.
510 1829 612 1895 Serve
633 1831 708 1914 Dei,
731 1832 809 1918 quid
831 1830 874 1896 ad
896 1840 928 1895 te
950 1830 1047 1913 bella,
1071 1827 1201 1912 caedes,
1224 1826 1414 1914 captivitates,
1461 1854 1464 1863 ⁴

152 1933 198 1996 mi
213 1931 317 2014 Galle,
340 1933 490 1998 credisne
514 1933 679 1999 Christum
703 1934 797 2000 simul
821 1936 927 2001 Deum
951 1956 1034 2018 esse,
1057 1935 1114 2019 qui
1135 1941 1168 1997 te
1190 1933 1334 1998 intuetur
1355 1936 1415 1996 ettt
1461 1920 1464 2003 l

152 2036 284 2102 tandem
306 2039 403 2129 etiam
422 2038 610 2125 judicabit?
632 2038 760 2104 Durum
785 2038 914 2104 esttibi
937 2047 1049 2105 contra
1071 2035 1239 2101 stimulum
1262 2035 1415 2113 calcitrare,

153 2163 217 2206 non
240 2140 336 2205 facile
360 2151 409 2206 est
432 2165 586 2230 superare
609 2152 721 2210 contra
743 2156 792 2230 ses
801 2153 848 2209 tot
869 2143 1029 2209 bonorum
1061 2143 1230 2208 hominum
1262 2161 1366 2206 voces.
1393 2135 1416 2201 si

153 2248 257 2315 verba
278 2270 352 2312 mea
374 2257 503 2314 secutus
525 2248 625 2312 fueris
660 2258 692 2313 et
713 2249 794 2313 mihi
816 2247 1012 2332 obediveris,
1034 2246 1181 2318 laetabor
1196 2245 1415 2321 defratreneo·

155 2360 241 2435 nate,
275 2352 302 2417 si
335 2374 415 2417 vero
449 2351 626 2418 obduratus
649 2360 682 2417 et
703 2354 854 2440 pertinax
876 2375 921 2437 es,
959 2375 1077 2440 corpus
1098 2363 1189 2418 tuum
1212 2358 1246 2415 et
1268 2370 1349 2414 onus
1366 2347 1419 2434 ipse
1460 2362 1464 2435 ⁸.

153 2457 317 2545 portabis3
351 2468 384 2522 et
410 2479 484 2544 ¹ego
500 2457 689 2523 excusabor.
734 2458 803 2522 Nec
825 2468 934 2522 tamen
957 2479 1056 2543 opera
1087 2465 1142 2521 tua
1174 2454 1263 2543 apud
1294 2462 1420 2542 posteros
1461 2450 1464 2479 ³

155 2584 228 2627 cum
251 2562 335 2629 dono
358 2573 391 2628 et
415 2565 520 2650 gratia
530 2564 595 2627 Dei
611 2561 765 2627 reticebo.
787 2562 879 2627 Deus
894 2563 1043 2627 immutet
1058 2569 1090 2626 et
1102 2567 1273 2646 convertat
1285 2568 1319 2624 te
1329 2555 1420 2636 brevi3

154 2667 270 2733 Amen.
293 2668 416 2732 Datum
438 2666 708 2752 Wittembergae,
731 2666 784 2730 die
806 2666 981 2732 Dominica
1009 2675 1083 2753 post
1111 2664 1198 2735 diem
1221 2665 1326 2730 sancti
1355 2659 1422 2727 llar-

154 2772 225 2853 tini,
248 2792 333 2836 anno
357 2771 449 2837 1524.
1122 2790 1127 2797 ·

878 2873 1036 2940 Martinus
1059 2874 1234 2941 Lutherus.

241 2981 321 3049 Ideo
344 2991 451 3047 autem
473 2980 609 3047 Luthcri
631 2983 741 3047 literas
765 2984 862 3049 etiam
885 2981 939 3045 hic
961 2981 1126 3062 annotavi,
1160 2991 1196 3045 ut
1217 2979 1426 3045 fundamenta

156 3087 230 3155 liter
251 3089 435 3153 innotescat
456 3088 583 3152 indoles
606 3086 701 3176 hu‘jus
715 3087 812 3169 Galli,
837 3096 868 3150 et
890 3095 926 3151 ut
948 3085 1427 3175 perpendatur-firuuistempo-

155 3191 255 3276 ribus,
278 3193 441 3259 bonumne
464 3204 520 3257 aut
542 3192 662 3258 malum
686 3194 737 3269 sit,
761 3191 848 3277 quod
870 3213 930 3281 per
949 3191 1031 3256 tales
1053 3191 1140 3255 fores
1161 3192 1333 3276 ingressus
1347 3190 1429 3256 fuerit

155 3297 468 3365 administrationem
481 3306 582 3363 status
595 3297 754 3362 clericalis
767 3299 802 3360 in
816 3296 982 3362 Bohemia.
1007 3295 1095 3360 Dum
1112 3317 1189 3380 ergo
1205 3295 1431 3379 Wittembcrga

155 3404 190 3468 in
212 3402 401 3468 Bohemiam
425 3424 575 3468 reversus
597 3403 720 3485 fuisset,
754 3406 822 3467 tum
852 3410 977 3467 mortuo
1008 3422 1201 3487 praegresso
1235 3401 1431 3467 administra·

157 3515 226 3572 tore
268 3509 425 3592 magistro
448 3507 654 3572 .Wenoesla0
689 3491 862 3572 Sismanek
899 3505 996 3587 dicte,
1039 3502 1161 3568 electus
1190 3504 1253 3571 fuit
1280 3507 1316 3571 in
1344 3503 1432 3571 admi·

156 3606 362 3677 nistratorem
385 3621 529 3699 tempore
551 3616 676 3679 aestivo
698 3633 783 3676 anno
805 3611 1022 3699 praecedente
1046 3607 1138 3675 1523.
1162 3600 1254 3674 Inter
1265 3609 1348 3676 haec
1367 3619 1432 3674 tem-

157 3737 239 3803 pora
260 3724 368 3787 autem
390 3717 423 3780 in
447 3717 592 3804 qualibet
614 3718 716 3782 ferme
740 3719 898 3783 concione
919 3717 1097 3782 Romanam
1121 3713 1235 3781 sedem
1256 3714 1363 3807 fronte
1389 3713 1432 3777 de·

154 3820 259 3907 jicere
280 3821 393 3905 voluit,
418 3830 450 3886 et
470 3844 589 3910 papam
614 3825 720 3910 capite
743 3831 861 3888 terram
883 3844 1008 3897 versus,
1039 3821 1178 3908 pedibus
1202 3821 1322 3885 erectis
1344 3820 1376 3884 in
1396 3815 1433 3881 al·

156 3933 226 3990 tum
248 3925 418 4010 collocare,
442 3927 625 3993 cavillando
642 3933 680 3993 'et
703 3916 942 3994 contemnendo
966 3928 1007 3993 de
1029 3926 1086 3991 illo
1102 3925 1228 3992 locutus
1246 3924 1310 3989 fuit
1332 3933 1363 3990 et
1385 3942 1432 4009 po-

158 4028 270 4117 pulum
291 4029 490 4115 adhortatus,
514 4040 550 4096 ut
570 4054 629 4118 pro
654 4030 771 4097 devoto
788 4041 820 4096 et
843 4040 954 4098 sancto
978 4031 1110 4096 doctore
1124 4028 1298 4094 sacerdote
1306 4026 1431 4093 Martino

157 4134 300 4200 Luthero
313 4135 490 4203 Dominum
503 4137 612 4201 Deum
635 4146 780 4221 exorent,
803 4147 839 4202 ut
859 4140 895 4202 in
916 4138 978 4203 hoc
1000 4136 1091 4202 bono
1104 4136 1235 4220 incepto
1247 4134 1431 4221 perseveret,

159 4238 250 4304 Deus
271 4243 370 4307 etiam
394 4249 430 4307 ut
450 4241 499 4306 illi
520 4242 703 4329 profectum
734 4242 863 4325 tribuat,
888 4241 1012 4319 addens
1044 4237 1131 4328 quod
1158 4236 1316 4303 Bohemis
1345 4233 1431 4300 mula

159 4341 246 4408 bona
267 4347 472 4430 praestiterit,
497 4346 558 4411 hoc
579 4346 668 4412 bono
692 4355 723 4412 et
745 4355 856 4411 saneto
880 4368 988 4432 opere,
1012 4343 1098 4431 quod
1111 4343 1294 4409 Germanos
1307 4342 1430 4408 circum·

160 4446 286 4511 vicinos
321 4451 355 4513 in
388 4450 535 4514 notitiam
570 4450 654 4536 legis
686 4450 818 4515 divinae
854 4458 886 4514 et
907 4451 1054 4515 veritatis
1088 4449 1157 4536 ejus
1171 4469 1174 4474 ·
1190 4446 1380 4533 perduxerit
1408 4445 1431 4504 et

161 4572 235 4615 cum
256 4550 410 4618 Bohemis
433 4554 609 4620 concordes
633 4555 786 4621 effecerit.
811 4593 853 4603 —
875 4554 1092 4642 Hicdenique
1106 4554 1223 4636 iterum
1239 4553 1275 4616 in
1289 4573 1324 4617 se
1341 4553 1432 4638 ipsun

160 4653 333 4720 falsitatem
356 4677 429 4721 cum
444 4659 615 4725 mendacio
628 4659 768 4742 induxit,
791 4681 916 4747 ponens
932 4661 1092 4724 rationem
1114 4654 1324 4739 antedictam,
1368 4667 1431 4718 uate

152 4755 242 4843 apud
262 4757 447 4826 Lutherum
467 4759 754 4850 perseveraverit3
776 4786 852 4829 nam
875 4764 904 4829 si
924 4783 977 4828 res
1002 4785 1037 4828 se
1070 4762 1117 4827 ita
1146 4758 1294 4844 haberet,
1327 4760 1362 4827 in
1388 4752 1432 4821 illo
