2946 5086
1167 148 1170 155 ’
1310 158 1374 231 219

89 356 156 425 Sed
188 377 351 448 proceres,
382 355 505 444 equites
528 363 559 421 et
580 358 681 429 staua
702 349 806 418 civilis
828 350 921 439 regni
940 345 1116 415 Bohemiae
1128 344 1226 433 juxta
1247 340 1374 409 conclu·

95 484 168 528 sum
194 462 397 528 comitiorum
429 461 464 525 in
499 459 552 525 die
573 459 651 524 novi
672 456 748 523 anni
772 454 854 523 1527
874 452 1045 540 tguviam
1067 449 1109 517 ad
1130 447 1247 515 limites
1267 445 1376 512 Mora·

92 567 168 632 viae
208 565 338 634 obviam
368 564 526 629 miserunt
547 563 577 628 ei
600 561 753 651 quasdam
775 581 931 649 personas
962 555 1060 623 adid
1083 555 1203 621 electas
1239 573 1282 618 ex
1302 573 1374 618 om·
1447 595 1451 602 .

92 669 201 751 nibus¹
217 667 323 749 tribus
339 667 493 753 statibus,
516 665 767 756 adveniensque
773 668 991 755 juramentum
1011 659 1137 748 regium
1158 656 1309 747 deposuit
1322 654 1376 723 die

87 773 253 859 Mercurii,
276 783 412 863 quatuor
434 772 549 841 diebus
572 781 649 840 ante
669 773 787 839 festum
809 767 1056 850 Purificationis,
1087 764 1140 831 die
1161 761 1275 829 Martis
1296 781 1375 827 vero

85 878 168 945 festo
186 879 220 947 S.
233 879 391 966 Agatbae,
414 887 528 966 quarta
539 878 592 944 die
603 874 920 967 postPurificationis
939 871 1056 937 festum
1070 868 1104 958 (5
1111 867 1223 956 Febr.)
1236 867 1374 952 Pragam

85 986 222 1054 advenit
244 1007 318 1050 curn
349 983 528 1071 conthorali
550 1005 609 1049 sna
629 982 759 1071 vesperi
779 988 854 1069 post
875 999 1025 1044 occasum
1047 974 1135 1057 eolis,
1159 981 1193 1071 et
1208 973 1244 1037 in
1263 992 1373 1036 arcem

84 1091 285 1178 Pragensem
318 1088 473 1156 devectus
509 1088 577 1154 fuit
627 1087 697 1153 Illis
718 1107 796 1152 vero
819 1083 933 1150 diebus
954 1090 1029 1149 ante
1052 1077 1295 1147 coronationem
1320 1073 1376 1177 die

83 1194 224 1262 Veneris
244 1196 279 1260 in
300 1193 384 1259 festo
398 1190 570 1259 cathedrae
591 1190 623 1258 S.
634 1189 722 1256 Petri
745 1188 801 1276 (22
808 1187 920 1276 Febr.)
933 1197 1022 1253 ortae
1042 1183 1171 1250 fuerunt
1191 1177 1374 1245 discordiae

83 1300 171 1365 inter
202 1320 365 1386 proceres,
387 1296 526 1372 barones
560 1307 591 1362 et
613 1297 746 1383 equites,
777 1290 899 1358 similes
932 1288 1091 1381 prioribus
1120 1296 1264 1389 tempore
1285 1282 1374 1369 regis

85 1400 247 1469 Ludovici
267 1401 373 1485 factis,
406 1410 537 1489 propter
558 1400 814 1488 deportationem
836 1396 964 1491 sceptri,
998 1395 1087 1482 pomi
1107 1388 1197 1458 aurei
1219 1397 1251 1454 et
1278 1388 1372 1461 ,ensis

85 1517 158 1575 ante
172 1506 414 1574 coronationem
424 1504 520 1591 regis.
543 1503 669 1570 Eadem
682 1524 761 1579 vero
776 1501 830 1568 die
845 1500 981 1587 instituit
986 1497 1147 1587 judicium
1168 1515 1226 1583 pro
1237 1502 1374 1580 utraque

87 1620 190 1699 perte,
225 1620 258 1688 et
279 1632 335 1677 eos
358 1607 534 1694 excudivit,
564 1607 620 1674 ubi
642 1596 805 1696 quaelibet
826 1628 901 1696 pars
923 1625 1054 1671 causam
1075 1623 1165 1667 suam
1178 1670 1181 1675 ,
1196 1597 1373 1687 proposuit,

83 1736 162 1813 quae
185 1735 248 1781 rex
268 1714 405 1781 audiens
427 1714 602 1780 decernere
624 1712 803 1779 distulitin
826 1712 1012 1779 crastinum.

170 1819 240 1897 Die
261 1818 422 1887 Sabbathi
442 1841 521 1885 vero
542 1842 603 1885 rex
623 1818 740 1888 nolens
762 1841 832 1884 rem
854 1818 910 1884 diu
931 1814 1135 1905 prolongare,
1158 1806 1371 1898 proremedio

81 1927 221 1992 interim
243 1924 399 2011 decrevit,
422 1935 459 1992 ut
478 1949 537 2015 pro
559 1925 621 1992 hoc
642 1933 788 2013 tempore
810 1925 845 1990 in
866 1919 1025 2013 portando
1040 1939 1118 1985 ense
1129 1916 1271 1991 officium
1281 1934 1373 2003 pera·

79 2040 141 2119 gat
163 2031 201 2096 in
216 2028 286 2095 ⁴hac
308 2032 516 2103 coronatione
539 2039 640 2097 statua
653 2030 811 2118 equestris
822 2050 882 2116 per
896 2047 1077 2115 personam,
1100 2036 1197 2111 qua'm
1211 2020 1373 2101 demedio

74 2124 142 2203 suo
163 2133 296 2221 eligent,
328 2156 455 2222 nempe,
488 2143 524 2200 ut
545 2156 656 2201 ensem
679 2142 755 2199 ante
777 2155 850 2199 eum
873 2131 1022 2219 deportet
1053 2139 1085 2196 et
1106 2136 1142 2193 ut
1169 2125 1205 2193 id
1225 2125 1283 2190 fiat
1304 2125 1373 2192 sine
1414 2138 1419 2147 “

77 2237 289 2329 praejudicio
312 2239 468 2326 cujusque
488 2239 609 2328 partis;
642 2237 774 2304 tandem
796 2238 831 2301 in
853 2237 990 2303 termino
1015 2234 1045 2315 S.
1070 2233 1203 2321 Georgii
1224 2231 1374 2320 proxime

74 2343 225 2425 uenturi,
262 2341 349 2429 quod
371 2342 452 2408 velit
476 2344 566 2430 justo
583 2342 711 2431 judicio
734 2364 865 2409 causam
886 2341 1067 2408 interillos
1090 2339 1274 2408 decernere.
1306 2335 1374 2402 Die

74 2468 160 2534 ergo
183 2444 359 2533 Dominica
378 2448 414 2513 in
434 2448 517 2513 festo
540 2447 571 2515 S.
585 2445 730 2519 Mathiae¹
747 2446 885 2535 apostoli
907 2446 974 2534 (24.
996 2443 1107 2532 Febr.)
1120 2451 1290 2510 coronatus
1312 2441 1374 2506 fuit

76 2574 144 2617 rex
165 2550 202 2614 in
222 2571 298 2615 arce
320 2550 479 2639 Pragensi
501 2554 693 2644 vigesimum
715 2553 862 2641 quintum
884 2551 998 2617 aetatis
1021 2570 1098 2616 suae
1119 2570 1239 2614 anuum
1262 2566 1371 2633 agens.
1385 2618 1400 2639 f

75 2654 146 2721 Die
157 2648 255 2720 lunae
276 2655 417 2741 tandem,
439 2658 611 2745 nempe‘in
633 2656 783 2738 crastino,
806 2664 958 2723 coronata
978 2655 1039 2723 fuit
1060 2657 1157 2722 etiam
1178 2649 1373 2721 conthoralis

78 2748 158 2847 ejus¹
175 2759 285 2844 Anna,
307 2768 405 2849 atque
422 2761 520 2848 juxta
543 2761 684 2837 edictum
706 2763 832 2848 regium
855 2763 941 2828 ensis
964 2770 1039 2829 ante
1060 2778 1171 2849 regem
1184 2757 1374 2845 etreginam

78 2867 272 2955 deportatus
294 2865 539 2955 fuitaquodam
561 2866 603 2933 de
625 2875 710 2933 statu
733 2866 885 2955 equestri,
909 2874 941 2932 et
963 2866 1015 2934 his
1037 2866 1153 2934 diebus
1175 2863 1375 2933 circaiinem·

77 2969 369 3039 bacchanaliorum
390 2972 425 3057 in
449 2992 524 3037 arce
545 2970 704 3059 Pregensi
726 2981 759 3037 et
776 2970 916 3037 inferius
937 2972 972 3037 in
993 2970 1065 3039 foro
1086 2971 1176 3038 urbis
1198 2971 1374 3059 Antiquae,

80 3098 122 3142 ac
142 3076 182 3141 in
201 3074 348 3140 Hrodiin
384 3075 496 3142 habita
517 3077 647 3144 fuerunt
667 3083 845 3153 certamina
876 3085 932 3144 aut
957 3077 1026 3144 ludi
1051 3087 1227 3167 equestres,
1260 3077 1376 3165 paucis

81 3179 240 3247 Bohemis
262 3180 498 3268 praesentibus.
521 3182 561 3248 In
584 3185 723 3251 comitiis
745 3207 823 3252 vero
844 3185 880 3251 in
901 3206 977 3251 arce
997 3182 1156 3269 Pragensi
1177 3184 1212 3248 in
1233 3181 1370 3248 baccha-

84 3283 184 3351 naliis
206 3285 362 3351 institutis
384 3309 445 3351 rex
466 3289 574 3354 omnia
595 3288 727 3355 foedera
749 3298 782 3353 et
803 3299 987 3356 contractus
1008 3290 1152 3377 privatos
1175 3288 1372 3354 interstatus
1456 3276 1459 3283 ’

86 3392 192 3457 factos
203 3391 353 3481 causeum
375 3390 441 3458 Die
448 3391 611 3475 Mercurii,
625 3415 743 3482 nempe
759 3394 819 3461 sub
832 3394 939 3461 medio
953 3394 1230 3484 quadragesimae,
1253 3401 1369 3480 quarta

85 3495 138 3562 die
159 3503 236 3584 post
247 3497 532 3564 annunciationem
545 3497 660 3564 beatae
668 3498 824 3587 Virginis,
847 3521 903 3566 rex
915 3499 1022 3588 Praga
1032 3497 1074 3565 ob
1088 3496 1243 3587 quasdam
1260 3518 1373 3563 neces·

85 3603 196 3668 sitates
219 3622 334 3668 versus
356 3596 535 3669 Moraviam
558 3601 753 3671 etSilesiam
775 3605 929 3693 perrexit,
951 3613 986 3669 ut
1008 3603 1140 3672 easdem
1161 3604 1311 3690 regiones
1329 3601 1372 3668 ad

85 3726 238 3774 coronam
259 3704 437 3774 Bohemiae
458 3710 659 3795 pertinentes
682 3712 780 3776 etiam
802 3713 836 3777 in
857 3712 1097 3799 possessionem
1116 3709 1279 3798 suscipiat
1301 3705 1373 3775 Illis

89 3834 165 3879 vero
190 3809 307 3877 diebus
328 3819 404 3877 ante
426 3810 605 3879 discessum
627 3812 668 3879 ad
691 3813 855 3902 supplices
876 3837 990 3905 preces
1013 3824 1045 3880 et
1065 3812 1371 3903 frequentesadmo·

87 3918 227 3984 titiones
249 3914 369 3981 civium
390 3915 608 4002 relegatorum
629 3939 691 3982 rex
724 3917 815 4011 (qnia
837 3941 880 3984 ex
911 3920 1016 3985 causis
1047 3917 1244 3987 notabilibus
1276 3917 1370 4004 regni

84 4020 284 4109 Hungariae,
312 4019 354 4085 de
376 4021 494 4106 quibus
509 4020 609 4088 brevi
633 4021 769 4106 dicetur,
803 4024 854 4089 his
877 4024 910 4091 et
931 4024 1004 4089 aliis
1027 4025 1203 4093 Bohemiae
1225 4023 1369 4105 necessi·

80 4127 201 4193 tatibus
225 4123 413 4192 satisfacere
435 4149 501 4192 non
530 4128 649 4214 potuit)
671 4128 801 4193 iuterim
823 4128 889 4194 illis
919 4129 1045 4196 salvum
1068 4130 1263 4198 conductum
1293 4151 1371 4195 con·

78 4233 188 4316 cessit,
213 4239 327 4296 contra
348 4230 521 4297 violentias
543 4234 578 4296 in
600 4232 749 4299 omnibus
770 4234 960 4322 regionibus
983 4237 1059 4319 suis,
1083 4244 1222 4322 excepta
1240 4235 1371 4301 civitate

76 4332 251 4423 Pragensi,
280 4356 385 4422 usqne
407 4335 450 4400 ad
473 4357 565 4401 suum
586 4335 725 4404 reditum
748 4347 781 4403 et
802 4336 1068 4426 dijudicationem
1090 4339 1144 4405 vel
1165 4337 1372 4405 amicabilem

76 4439 384 4529 comportationem.
405 4437 450 4504 Et
472 4443 620 4527 quamvis
643 4441 828 4528 Pragenses
850 4443 982 4509 foedera
1003 4453 1035 4509 et
1058 4452 1242 4511 contractus
1264 4442 1371 4509 inlib-

76 4549 121 4614 ris
145 4543 293 4611 civitatis
314 4543 488 4631 inscriptos
511 4545 693 4611 annihilare
716 4555 748 4611 et
770 4546 936 4613 destruere
958 4546 1141 4632 debuerint,
1169 4549 1369 4634 conscripse·

76 4659 153 4719 runt
177 4659 290 4715 tamen
313 4647 446 4716 foedera
466 4648 530 4716 alia
551 4652 586 4716 in
607 4652 836 4729 communitate
866 4651 920 4718 die
941 4651 1094 4719 Mercurii
1125 4661 1201 4719 ante
1220 4653 1369 4724 Domini·

76 4778 148 4824 com
171 4753 359 4842 palmarum
380 4756 415 4819 in
439 4756 551 4824 charta
575 4757 635 4825 sub
658 4781 776 4845 magno
800 4760 908 4849 sigillo
931 4762 1094 4828 seniorum
1117 4757 1367 4842 communitatis,
