2946 5086
1038 109 1050 147 ι

1298 336 1301 344 Ι
1322 218 1386 294 923

90 391 141 467 lus
161 392 254 479 loqui
277 393 425 460 audehat.
454 391 597 482 Ajchant
620 384 734 476 etiam,
763 393 849 483 quod
871 401 946 460 ante
978 394 1083 482 ipsam
1118 391 1369 466 destructionem

89 495 181 562 urbis
201 494 384 564 Jerusalem
422 495 582 586 quendam
614 505 722 564 mente
745 505 873 586 captum
910 494 1103 563 hominem
1093 504 1376 581 memoraverim,

90 601 267 689 prohibere
289 626 362 669 cum
372 602 518 669 volentes
529 624 589 692 per
605 598 729 692 plateas
752 602 906 669 clamare.
929 600 1014 668 Vae!
1037 602 1122 670 Vae!
1146 606 1221 674 huic
1243 609 1377 711 civitati.

96 707 192 792 Quae
214 711 346 779 tandem
366 709 431 776 illis
455 708 659 815 contigerint,
637 708 778 775 tdocet
800 706 935 774 historia
956 704 1103 797 Jos'ephi

180 814 290 883 (lausa
317 834 397 883 vero
426 826 493 884 tam
514 817 685 885 accelerati
709 841 751 885 ex
771 818 929 886 Bohemis
949 820 1032 908 regii
1061 817 1169 885 abitus
1198 817 1279 884 haeo
1307 816 1384 884 fnit·

92 945 237 1010 magnae
253 946 340 989 enrm
351 923 569 990 d1ssensrones
592 933 681 990 ortae
701 924 844 991 fuerunt.
852 924 936 1013 inter
964 945 1076 1012 regem
1090 902 1333 991 Fordinandum
1354 929 1387 987 et

91 1026 305 1116 Stephanum,
334 1037 479 1116 protunc
502 1050 612 1116 regem
633 1028 830 1115 Hungariae,
854 1026 929 1127 quia
965 1050 1099 1117 regnum
1115 1028 1302 1121 Hungariae
1324 1024 1387 1093 sihi

91 1132 339 1221 appropriavit
329 1154 365 1197 ιιι
382 1131 617 1221 praejudicium
630 1130 939 1235 regisFerdinand13
932 1132 1040 1199 ·dixit
1052 1135 1138 1199 enim
1154 1157 1189 1200 se
1202 1135 1258 1222 jus
1273 1135 1386 1223 priori·

91 1237 173 1301 tatis
188 1234 309 1301 habere
320 1234 450 1301 adillud
462 1257 598 1322 regnum
614 1236 692 1324 prae
711 1235 860 1303 omnibns
876 1235 958 1303 aliis.
974 1235 1077 1324 Igitur
1096 1260 1139 1303 ex
1155 1240 1292 1322 ratione,
1311 1240 1386 1327 quia

93 1342 182 1409 inter
209 1338 283 1408 illos
310 1340 490 1408 amicabilis
512 1343 722 1431 comportatio
743 1364 809 1407 non
830 1338 1013 1407 intercessit
1037 1336 1123 1409 inter
1143 1337 1282 1427 eosdem,
1304 1343 1385 1411 nihil

94 1440 398 1530 aliudimminebat,
421 1447 483 1511 nisr
473 1445 618 1532 grande
631 1454 664 1511 ιι
684 1442 827 1512 notabile
847 1443 979 1530 bellum,
999 1444 1041 1512 ad
1065 1446 1204 1536 quodne
1224 1446 1387 1536 quaelihet

93 1573 171 1641 pars
184 1548 414 1638 praeparabat,
429 1548 565 1615 militem
585 1548 682 1615 valde
703 1566 909 1617 numerosum
931 1550 1134 1619 assumendo.
1156 1552 1273 1618 Paucis
1286 1552 1385 1640 igitur

96 1656 286 1745 septimanis
314 1653 542 1743 praeterlapsis
573 1675 633 1720 rex
665 1653 890 1721 Fordinandu's
922 1676 996 1720 cum
1029 1656 1174 1724 exercitu
1210 1679 1267 1724 suo
1289 1658 1385 1725 intra·

97 1763 147 1829 rit
167 1782 304 1882 regnum
326 1758 525 1845 Hungariae,
549 1765 655 1864 caetra
677 1766 710 1823 et
730 1780 821 1824 arces
842 1759 944 1825 multa
976 1761 1046 1825 sine
1068 1763 1157 1827 omni
1176 1760 1380 1829 incommodo

97 1875 130 1933 et
152 1865 322 1952 sanguinis
343 1862 530 1951 profusione
552 1874 754 1950 expugnans,
776 1862 852 1948 quia
874 1885 917 1929 ex
937 1856 1053 1954 maJ'ori
1074 1874 1166 1954 parte
1188 1856 1383 1957 copiaHun-

95 1979 249 2059 garornm
273 1990 308 2035 se
330 1967 440 2034 eidem
459 1966 606 2056 subjecit,
628 1969 818 2054 praesertim¹
840 1967 974 2035 ditiores
996 1977 1028 2035 et
1061 1968 1279 2067 notabiliores,
1310 1992 1383 2036 eum

94 2082 157 2164 pro
193 2072 325 2140 domino
346 2095 403 2138 suo
425 2072 630 2154 assumendo,
654 2080 687 2137 et
708 2072 763 2158 qui
787 2095 821 2139 se
844 2072 949 2138 cidem
972 2083 1191 2163 opposuerunt
1213 2083 1245 2140 et
1267 2097 1302 2140 se
1324 2073 1383 2140 de'·

95 2174 240 2244 fendere
267 2176 467 2266 inceperunt,
500 2175 574 2244 illos
603 2179 688 2244 intra
715 2198 836 2265 paucos
859 2177 927 2243 dies
950 2176 1079 2245 devicit.
1107 2177 1252 2246 Ulterius
1286 2179 1385 2266 igitur

97 2272 229 2370 semper
249 2303 439 2370 progressus
461 2280 531 2363 fuit,
567 2282 670 2349 donec
699 2280 826 2348 Budam
846 2282 1050 2369 pervenisset
1087 2290 1119 2347 et
1152 2291 1379 2371 expugnasset,

95 2389 186 2474 circa
202 2385 304 2452 'diem
333 2386 561 2475 assumptionis
589 2385 705 2453 heatae
732 2384 869 2472 virginis
890 2383 1022 2451 Mariae.
1062 2384 1163 2452 Paulo
1196 2408 1274 2452 vero
1306 2394 1382 2452 ante

94 2490 180 2556 haec
211 2491 247 2556 in
267 2489 350 2557 festo
373 2488 484 2558 Sancti
507 2489 652 2557 Osvvaldi
672 2488 802 2556 novalia
836 2489 956 2576 scripta
977 2510 997 2553 a
1018 2509 1095 2575 rege
1132 2490 1167 2554 in
1195 2489 1385 2555 Bohemiam

95 2594 309 2679 advenerunt,
331 2597 478 2681 reginam
485 2595 657 2685 peperisse
665 2593 767 2660 filium
790 2594 919 2660 nomine
937 2592 1205 2677 Maximilianum,
1227 2593 1388 2679 Viennae,¹

97 2698 215 2767 eodem
236 2699 438 2772 ann01527.
465 2696 544 2780 ‘Quo
577 2707 729 2787 tempore„
749 2697 874 2785 Pragae
906 2706 940 2764 et
967 2699 1002 2763 in
1031 2719 1106 2764 arce
1129 2696 1286 2784 Pragensi
1318 2706 1385 2765 tor·

88 2812 210 2871 menta
231 2802 449 2892 exploserunt,
473 2811 505 2868 et
515 2803 564 2869 Τι
574 2802 682 2871 Deum
703 2800 871 2868 laudamus
893 2803 927 2868 in
950 2800 1096 2869 ecclesiis
1113 2800 1172 2879 sub
1191 2802 1385 2890 pulsn‘cam·

97 2930 255 2997 panarum
277 2907 497 2984 decantarunt,
531 2906 689 2973 laetantes
709 2905 760 2993 ¹de
788 2904 865 2973 nato
894 2929 972 2973 vero
994 2905 1134 2973 haerede
1163 2909 1258 2995 regni
1281 2906 1384 2974 Bohe-

98 3016 205 3100 miae3
228 3034 288 3079 rex
304 3034 382 3078 vero
405 3013 557 3078 continuo
579 3032 771 3099 progressus
792 3010 854 3077 fuit
874 3012 909 3077 in
920 3012 1057 3098 regnum
1071 3011 1270 3098 Hungariae,
1286 3011 1384 3081 'exhi-

96 3116 179 3193 bens
200 3117 367 3204 Hungaris
389 3116 619 3205 obligationem
647 3117 773 3204 regiam
795 3138 898 3204 regno
918 3115 967 3182 illi
990 3114 1236 3204 competentem,
1267 3137 1382 3205 appro-

96 3223 258 3311 pinquans
281 3221 438 3309 Stephani
461 3222 645 3290 exercitui·
985 3210 988 3215 ’

598 3437 601 3449 “
634 3427 850 3497 cAPUTm.

99 3644 160 3720 [ιιι
193 3643 370 3718 insinnatur,
400 3647 479 3724 quod
511 3663 566 3704 rex
588 3642 839 3704 Fordinandus
829 3661 860 3701 ιιι
892 3602 1047 3718 Hungaris
1079 3640 1211 3699 existens
1240 3635 1379 3696 Bohemis

97 3731 201 3792 literas
224 3728 407 3811 scripserit,¹
421 3732 588 3809 insinuans,
611 3732 691 3809 qnod
713 3729 811 3791 omnia
831 3731 908 3789 hene
930 3737 960 3788 et
980 3727 1107 3787 feliciter
1136 3725 1303 3794 succedent,
1326 3723 1385 3782 ibi·

95 3821 162 3911 dem
185 3820 277 3880 urbes
298 3829 328 3880 et
349 3839 432 3880 arces
454 3839 552 3898 expug
516 3824 613 3892 ronst,
646 3837 806 3895 omnesque
829 3817 925 3875 eidem
948 3834 980 3877 ee
1003 3813 1175 3892 subjiciant,
1205 3819 1236 3872 et
1255 3830 1311 3890 pro
1333 3809 1384 3870 do·

562 3905 644 3967 mino
665 3925 719 3967 suo
741 3911 916 3985 agnoscant.
1144 3922 1147 3927 ·

184 4069 333 4137 Tandem
355 4093 415 4140 rex
435 4074 536 4162 paulo
552 4076 656 4162 post'
646 4099 681 4141 ιιι
702 4071 892 4140 Bohemiam
915 4069 1063 4138 omnibus
1086 4066 1222 4134 statibus
1244 4063 1384 4148 novalia,

101 4173 146 4240 de
169 4195 324 4240 successu
346 4198 403 4241 suo
425 4178 460 4245 in
481 4177 664 4264 Hungaria,
684 4178 804 4264 scripta
823 4174 1001 4242 transmisit
1022 4173 1208 4260 sequentia:

182 4276 419 4363 Perdinandus,
442 4281 507 4348 Dei
537 4285 640 4368 gratia
661 4282 847 4364 Bohemiae,
873 4278 1061 4366 Hungariae
1091 4285 1152 4343 etc.
1185 4297 1256 4361 rex,
1278 4273 1384 4342 infans

92 4382 286 4472 Hispaniae,
309 4385 468 4452 archidux
489 4387 640 4453 Austriae
669 4395 701 4452 et
721 4384 866 4450 marchio
887 4383 1052 4449 Moraviae
1075 4389 1134 4446 etc.
1156 4389 1214 4446 eto.
1311 4414 1315 4418 ·

178 4486 312 4554 Fideles
335 4491 437 4556 nostri
459 4489 578 4557 dilecti.
621 4488 705 4556 Cum
721 4490 777 4578 jus
807 4495 952 4553 nostrum
981 4492 1104 4550 certum
1124 4505 1164 4548 ac
1186 4481 1308 4548 clarum
1342 4480 1384 4547 sit

94 4607 127 4663 et
137 4593 324 4683 praetensio
341 4593 431 4680 jueta
451 4594 494 4661 ad
514 4617 651 4684 regnum
661 4593 848 4678 Hungariae
870 4587 1111 4679 possidendum,
1132 4585 1280 4653 nolentes
1303 4585 1383 4653 illud

94 4700 137 4768 ob
159 4696 279 4765 multas
302 4718 417 4763 causas
438 4688 617 4788 negligere,
639 4722 713 4767 cum
735 4695 929 4763 consiliariis
951 4693 1071 4759 nostris
1094 4692 1264 4759 consilium
1290 4689 1383 4758 inivi·

94 4832 167 4878 mus
192 4814 225 4873 et
245 4802 463 4889 decrevimus,
495 4802 621 4874 Budam
642 4813 699 4874 aut
719 4799 761 4873 ad
782 4808 876 4871 vetus
899 4808 1039 4870 casuum
1062 4796 1104 4866 ad
1125 4804 1269 4867 nochum
1292 4817 1382 4864 exer·
