2946 5086
94 172 215 241 -150

145 365 272 433 pacem,
319 342 459 431 quietem
494 344 526 402 et
558 326 764 402 charitatem
781 334 935 422 perduxit
967 356 1041 402 curn
1073 335 1150 417 illis,
1182 334 1239 420 qui
1273 333 1439 399 veritatem

148 454 394 534 assumpserunt
426 450 459 508 ct
478 443 514 508 in
536 450 727 508 testamento
740 439 862 506 Ohristi
881 441 945 507 sibi
960 439 1236 529 complacuerunt,
1260 440 1435 506 secundun

151 551 238 643 quod
264 572 298 616 se
321 549 474 636 dirigunt,
496 548 716 635 relinquentes
738 567 849 612 ornnes
872 546 1012 614 incertas
1033 550 1168 640 papales
1183 549 1435 615 constitutiones.

150 658 244 725 Haec
271 663 378 720 autem
401 652 509 717 omnia
530 651 616 717 facta
638 657 712 715 sunt
745 659 777 716 et
799 660 886 718 certe
907 653 989 721 fiunt
1010 658 1093 724 sinee
1109 654 1343 746 compactatis3
1376 654 1433 717 irno
1463 702 1466 745 ἐ

152 786 217 829 non
241 762 343 826 solum
365 759 401 823 hi
423 757 587 838 Germani,
627 755 685 819 sed
707 764 739 820 et
761 755 854 821 multi
876 759 911 822 in
932 759 1159 848 adjacentibus
1180 759 1369 848 regionibus
1405 766 1430 821 et
1461 752 1465 827 l

152 876 265 955 gentes
292 888 334 930 ex
356 863 444 928 omni
466 871 559 949 parte
580 862 748 947 proximae
771 871 939 926 assumunt
965 874 998 929 et
1029 867 1153 954 eligunt
1175 868 1287 952 legem
1308 867 1371 930 Dei
1405 875 1429 927 et
1460 830 1464 915 l

46 1002 50 1009 ·
154 978 380 1039 testamentum
405 966 528 1032 Christi
551 967 694 1047 Domini,
718 974 751 1030 et
772 964 806 1029 hi
828 988 942 1031 omnes
965 968 1118 1037 deserunt
1129 994 1261 1060 papam,
1286 972 1354 1057 ejus
1367 990 1427 1035 con·
1460 976 1463 1037 ἶ

152 1077 333 1143 stitutiones
359 1081 391 1137 et
413 1062 618 1137 inventiones
641 1070 706 1154 legi
729 1068 860 1136 divinae
891 1077 1069 1140 contrarias
1092 1086 1125 1142 ot
1146 1077 1276 1158 noxias,
1309 1075 1427 1158 Vosque

151 1190 244 1248 natos
265 1178 429 1245 Bchemos
451 1175 588 1241 irrident
609 1184 641 1239 et
657 1183 882 1259 contemnunt,
915 1180 1137 1269 miranturque
1170 1178 1335 1269 praelatos
1363 1179 1424 1242 Pra-

148 1307 275 1374 genses,
301 1282 388 1369 quod
410 1291 475 1346 tarn
498 1281 593 1346 avide
616 1280 752 1344 Romam
775 1281 933 1347 accedant
964 1293 996 1348 et
1016 1285 1220 1353 inventiones
1250 1306 1354 1351 novas
1387 1305 1427 1347 se·

151 1398 298 1480 quantur.
320 1388 394 1452 Hae
421 1395 528 1452 autem
550 1386 673 1464 literae,
697 1406 776 1471 quas
800 1385 860 1451 tibi
881 1388 1037 1472 magister
1059 1390 1153 1457 Galle
1193 1413 1269 1456 eum
1291 1388 1428 1477 praelatis

146 1497 210 1562 tuis
243 1493 419 1580 composui,
443 1512 508 1555 non
531 1496 604 1554 sunt
626 1489 731 1579 factae
754 1511 796 1555 ex
818 1490 959 1574 quodam
981 1493 1056 1559 odio
1087 1494 1347 1577 aut'inimicitia,
1379 1514 1429 1558 nee

146 1598 277 1687 aliquod
302 1595 432 1679 malurn,
469 1603 525 1660 aut
545 1594 697 1659 nocivum
720 1616 862 1681 unquam
885 1609 1110 1683 causaverunt,
1155 1600 1216 1665 sed
1237 1600 1307 1666 Vos
1340 1599 1428 1664 multa
1468 1626 1471 1677 ,

149 1703 246 1771 valde
269 1712 301 1766 ct
322 1697 589 1787 incomparabilia
618 1699 714 1782 agitis
737 1709 849 1764 contra
881 1720 993 1786 regern
1026 1712 1059 1768 et
1079 1704 1261 1770 Dominum
1293 1711 1424 1769 vestrum

151 1811 325 1879 coelestem
338 1809 452 1874 Jesum
464 1805 639 1888 Christum,
663 1813 775 1871 contra
793 1808 963 1873 veritatem
978 1810 1163 1873 testamenti
1183 1810 1254 1896 ejus
1272 1816 1317 1873 'et
1332 1816 1427 1873 contra

149 1917 286 1983 salutem
310 1915 406 1978 totius
429 1911 550 1999 populi,
588 1919 743 1994 cogentes
764 1910 838 1975 illos
859 1911 903 1976 ad
924 1935 977 1976 res
1000 1914 1218 1996 inconsuetas,
1266 1908 1428 1976 christiani·
1465 1954 1468 1963 .

148 2021 206 2087 tati
229 2019 417 2099 contrarias,
452 2025 564 2081 contra
586 2015 692 2101 legem
714 2015 780 2080 Dei
818 2027 850 2080 et
871 2028 983 2082 contra
1003 2018 1168 2106 propriam
1200 2016 1426 2095 conscientian,

147 2136 243 2213 prout
273 2123 420 2209 superius
444 2120 539 2185 latius
562 2119 686 2184 dictum
708 2119 777 2184 fuit.
802 2120 874 2206 Ego
896 2108 997 2207 igitur
1017 2130 1171 2208 peccator
1192 2122 1349 2211 indignus
1363 2122 1426 2187 haee
1458 2200 1460 2205 Ι

152 2231 258 2295 sciens
292 2237 324 2292 et
355 2248 503 2308 noscens,
538 2246 741 2312 nequaquam
778 2248 831 2290 ms
846 2226 849 2230 ’
864 2226 1006 2291 retinere
1042 2248 1083 2291 ac
1132 2228 1315 2313 praeterire
1340 2226 1421 2314 potui,
1454 2216 1469 2285 :¹-¹

150 2355 268 2420 magno
292 2330 403 2397 dolore
425 2338 540 2412 motus,
565 2330 764 2415 compatiens
776 2329 879 2394 Vobis
902 2338 935 2395 et
949 2329 1181 2414 communitati,
1205 2330 1422 2398 horrens-dan·
1460 2329 1471 2393 l

152 2439 316 2504 nationem
326 2435 485 2517 Vestram,
509 2433 676 2521 Vobisque
699 2434 858 2499 inservire
881 2434 980 2518 volui,
1003 2443 1039 2499 ut
1061 2434 1213 2500 atalibus
1226 2435 1326 2502 rebus
1337 2435 1421 2501 noxiis
1456 2434 1471 2494 ἓ

151 2542 287 2609 cessetis
319 2550 351 2606 et
372 2539 415 2605 ad
436 2560 547 2605 veram
570 2538 800 2625 poenitentiam
833 2538 888 2603 vel
917 2541 1086 2603 veritatem
1109 2539 1284 2608 accedatis.
1325 2540 1421 2605 Daton
1456 2536 1471 2576 ἱ

149 2648 276 2733 Pragae
299 2653 373 2709 ante
395 2643 764 2719 ¹tertiamDominicam
787 2642 1067 2729 quadragesimae,
1102 2642 1156 2727 dic
1190 2644 1224 2721 S.
1260 2642 1418 2721 Gertrudis,
1457 2618 1469 2659 '³

148 2773 232 2816 anno
256 2749 433 2817 Salvatoris
456 2749 558 2814 nostri
581 2748 613 2836 (1
638 2746 736 2835 Nou.)
762 2748 855 2812 1525.
1458 2744 1471 2753 ”

669 2851 808 2917 Mathias
833 2851 986 2938 indignus
1011 2873 1124 2918 servus
1149 2853 1224 2919 Dei.

392 2960 402 2999 a

237 3063 307 3128 Has
330 3063 440 3129 literas
464 3063 540 3128 dum
562 3085 621 3150 per
643 3062 798 3128 famulum
822 3084 915 3129 suurn
938 3061 980 3128 ad
1003 3062 1242 3142 consistorium,
1278 3063 1321 3130 ad
1341 3061 1421 3128 admi·
1449 3132 1451 3139 Ι

158 3169 364 3234 nistratorem
387 3167 533 3233 Onahcra
555 3168 705 3252 misisset,
745 3170 893 3254 sequenti
916 3167 970 3236 die
995 3168 1146 3235 sabbathi
1177 3169 1268 3234 misit
1299 3191 1354 3258 pro
1382 3164 1422 3231 illo

154 3273 404 3354 administrator,
427 3281 464 3337 ut
486 3271 619 3336 accedat
632 3271 839 3358 Teynensem
853 3275 1052 3359 parochiam,
1076 3281 1109 3337 et
1129 3280 1306 3359 postquam
1328 3295 1362 3338 eo
1382 3270 1421 3334 de·

156 3380 309 3464 venisset,
332 3376 546 3443 amicabiliter
569 3376 673 3442 eidem
697 3377 822 3443 locutus
852 3378 913 3443 fuit
944 3388 975 3443 et
1003 3377 1161 3465 ¹salutarit
1181 3375 1267 3443 Joab
1290 3376 1425 3442 Amanum

155 3485 344 3551 salutatione
367 3481 509 3566 infideli3
545 3481 670 3547 occulte
693 3484 779 3547 enim
801 3483 890 3547 misit
911 3506 970 3570 pro
988 3468 1107 3572 judice-
1124 3491 1156 3548 et
1178 3483 1277 3549 sociis
1300 3484 1375 3572 ejus,
1404 3488 1426 3544 et

157 3592 192 3655 in
215 3610 362 3653 carceres
379 3580 474 3652 ‘illurn
499 3586 573 3651 duci
591 3588 691 3674 jussit
712 3586 892 3672 inferiores,
915 3589 971 3655 ubi
992 3587 1132 3653 malefici
1148 3586 1307 3653 custodiri
1329 3586 1424 3664 solent,

83 3760 86 3767 ,
153 3691 614 3786 unacum'famulqejusdem,
629 3691 847 3776 Pragensibus
870 3694 912 3759 ad
935 3694 1016 3759 haec
1043 3692 1311 3779 conniventibus-3
1343 3693 1425 3758 farnu-
1455 3744 1457 3755 .

151 3799 219 3863 lum
242 3819 320 3863 vero
345 3795 534 3882 ejus-paulo
567 3804 640 3883 post
674 3797 791 3860 iterum
824 3797 1025 3864 dimiserunt.
1061 3797 1226 3879 Quamdiu
1247 3819 1328 3864 vcro
1347 3797 1428 3863 frater
1454 3760 1458 3859 l

154 3904 295 3969 Mathias
317 3904 350 3965 in
374 3901 424 3966 his
444 3899 627 3966 carceribus
649 3901 754 3983 fuerit,
778 3911 906 3989 tempus
928 3902 982 3968 hic
1005 3902 1170 3968 scribendi
1192 3926 1258 3970 non
1284 3915 1349 3992 cst;
1370 3923 1428 3971 cnn

156 4010 243 4075 enim
266 4007 400 4073 intentio
422 4028 495 4070 mea
518 4006 568 4088 sit,
593 4007 710 4090 omnia,
734 4029 817 4092 quac
834 4009 1046 4094 contigerunt,
1065 4009 1162 4095 juxta
1177 4009 1327 4077 ordinem
1347 4031 1428 4076 anno·

152 4112 253 4196 tandi,
278 4113 355 4176 hinc
378 4132 476 4196 cogor
498 4111 588 4198 prius
611 4113 720 4176 omnia
742 4134 871 4199 ponere,
896 4133 978 4200 quae
1000 4123 1144 4199 ternpore
1166 4108 1256 4179 illius
1268 4118 1428 4183 incarcera-

151 4219 247 4284 tionis
270 4218 356 4282 facta
380 4228 463 4301 sunt,
498 4228 530 4284 et
561 4228 733 4306 postquam
755 4220 836 4284 haec
858 4223 1021 4285 recensita
1050 4221 1179 4304 fuerint,
1213 4244 1282 4288 non
1303 4222 1428 4289 omittam

145 4321 206 4421 ,illa
229 4344 390 4404 enarrare,
426 4345 518 4410 quae,
550 4323 639 4411 illurn
663 4306 900 4402 concernentia,
932 4325 1135 4412 contigerint,
1157 4327 1194 4390 in
1216 4325 1302 4393 libro
1323 4333 1426 4416 quarto,

153 4427 259 4512 capite
281 4429 396 4514 primo.
442 4426 559 4510 Crede,
583 4427 669 4515 quod
693 4430 728 4499 in
751 4429 801 4494 his
836 4430 1021 4496 carceribus
1044 4430 1177 4495 minime
1201 4434 1320 4499 otiatus
1340 4430 1427 4509 luent,

153 4529 211 4596 sed
235 4553 361 4595 sacram
385 4533 577 4620 scripturam
601 4534 751 4598 continuo
780 4533 896 4620 legerit
919 4543 951 4599 et
973 4535 1148 4621 scripserit,
1181 4559 1202 4601 a
1223 4536 1298 4605 Deo
1320 4536 1426 4605 confor-
1469 4542 1471 4555 '

152 4644 239 4700 tatus
262 4643 294 4699 et
316 4636 500 4701 consolatus
523 4637 776 4725 perlectionem
800 4659 912 4704 sacrae
935 4640 1133 4728 scripturae,
1156 4652 1329 4728 praeterea
1350 4643 1426 4710 etiarn
1468 4631 1471 4703 Ξ

138 4739 235 4806 Deus
267 4739 434 4826 mitigavit
467 4751 499 4807 et
531 4743 697 4808 addictum
730 4743 779 4810 illi
811 4743 955 4809 reddidit
972 4744 1120 4834 judicem
1143 4767 1219 4815 cum
1242 4749 1364 4835 lictore,
1385 4739 1426 4833 qui
1466 4716 1470 4723 Ι

1451 4878 1471 5053 l
