<?xml version="1.0" encoding="UTF-8"?>
<!DOCTYPE html PUBLIC "-//W3C//DTD XHTML 1.0 Transitional//EN"
    "http://www.w3.org/TR/xhtml1/DTD/xhtml1-transitional.dtd">
<html xmlns="http://www.w3.org/1999/xhtml" xml:lang="en" lang="en">
 <head>
  <title>
</title>
<meta http-equiv="Content-Type" content="text/html;charset=utf-8" />
  <meta name='ocr-system' content='tesseract 3.04.00' />
  <meta name='ocr-capabilities' content='ocr_page ocr_carea ocr_par ocr_line ocrx_word'/>
</head>
<body>
  <div class='ocr_page' id='page_1' title='image "./desbartholomaeu00hfgoog_0182.png"; bbox 0 0 2946 5086; ppageno 0'>
   <div class='ocr_carea' id='block_1_1' title="bbox 1324 196 1389 295">
    <p class='ocr_par' dir='ltr' id='par_1_1' title="bbox 1324 196 1389 295">
     <span class='ocr_line' id='line_1_1' title="bbox 1324 196 1389 295; baseline 0 0"><span class='ocrx_word' id='word_1_1' title='bbox 1324 196 1389 295; x_wconf 60' lang='lat'>¹⁹5</span> 
     </span>
    </p>
   </div>
   <div class='ocr_carea' id='block_1_2' title="bbox 74 370 1445 4749">
    <p class='ocr_par' dir='ltr' id='par_1_2' title="bbox 74 370 1445 4749">
     <span class='ocr_line' id='line_1_2' title="bbox 91 370 1384 462; baseline -0.002 -21"><span class='ocrx_word' id='word_1_2' title='bbox 91 372 253 458; x_wconf 84' lang='lat' dir='ltr'>Budensi,</span> <span class='ocrx_word' id='word_1_3' title='bbox 287 371 340 439; x_wconf 89' lang='lat' dir='ltr'>his</span> <span class='ocrx_word' id='word_1_4' title='bbox 361 370 550 447; x_wconf 70' lang='lat' dir='ltr'>excessibus</span> <span class='ocrx_word' id='word_1_5' title='bbox 571 374 721 462; x_wconf 78' lang='lat' dir='ltr'>peractis,</span> <span class='ocrx_word' id='word_1_6' title='bbox 753 393 864 438; x_wconf 88' lang='lat' dir='ltr'>rursus</span> <span class='ocrx_word' id='word_1_7' title='bbox 888 393 923 438; x_wconf 89' lang='lat' dir='ltr'>se</span> <span class='ocrx_word' id='word_1_8' title='bbox 941 386 988 438; x_wconf 75' lang='lat' dir='ltr'>&#39;ex</span> <span class='ocrx_word' id='word_1_9' title='bbox 1009 395 1111 461; x_wconf 85' lang='lat' dir='ltr'>regno</span> <span class='ocrx_word' id='word_1_10' title='bbox 1133 370 1320 460; x_wconf 88' lang='lat' dir='ltr'>Hungariae</span> <span class='ocrx_word' id='word_1_11' title='bbox 1343 373 1384 438; x_wconf 84' lang='lat' dir='ltr'>ad</span> 
     </span>
     <span class='ocr_line' id='line_1_3' title="bbox 92 475 1385 567; baseline -0.004 -22"><span class='ocrx_word' id='word_1_12' title='bbox 92 476 216 545; x_wconf 86' lang='lat' dir='ltr'>limites</span> <span class='ocrx_word' id='word_1_13' title='bbox 237 499 341 566; x_wconf 91' lang='lat' dir='ltr'>usqne</span> <span class='ocrx_word' id='word_1_14' title='bbox 363 494 438 543; x_wconf 86' lang='lat' dir='ltr'>suos</span> <span class='ocrx_word' id='word_1_15' title='bbox 467 479 662 544; x_wconf 74' lang='lat' dir='ltr'>retraxerint</span> <span class='ocrx_word' id='word_1_16' title='bbox 683 486 714 544; x_wconf 89' lang='lat' dir='ltr'>et</span> <span class='ocrx_word' id='word_1_17' title='bbox 735 476 922 562; x_wconf 85' lang='lat' dir='ltr'>rediverint,</span> <span class='ocrx_word' id='word_1_18' title='bbox 946 486 978 543; x_wconf 91' lang='lat' dir='ltr'>et</span> <span class='ocrx_word' id='word_1_19' title='bbox 999 477 1066 544; x_wconf 88' lang='lat' dir='ltr'>suis</span> <span class='ocrx_word' id='word_1_20' title='bbox 1082 479 1185 567; x_wconf 89' lang='lat' dir='ltr'>copiis</span> <span class='ocrx_word' id='word_1_21' title='bbox 1197 476 1282 542; x_wconf 88' lang='lat' dir='ltr'>mala</span> <span class='ocrx_word' id='word_1_22' title='bbox 1295 475 1385 543; x_wconf 90' lang='lat' dir='ltr'>nulla</span> 
     </span>
     <span class='ocr_line' id='line_1_4' title="bbox 95 576 1386 672; baseline -0.001 -23"><span class='ocrx_word' id='word_1_23' title='bbox 95 576 216 654; x_wconf 83' lang='lat' dir='ltr'>inferre</span> <span class='ocrx_word' id='word_1_24' title='bbox 238 582 439 649; x_wconf 80' lang='lat' dir='ltr'>admiserint.¹</span> <span class='ocrx_word' id='word_1_25' title='bbox 471 582 567 648; x_wconf 80' lang='lat' dir='ltr'>Tunc.</span> <span class='ocrx_word' id='word_1_26' title='bbox 586 584 683 649; x_wconf 89' lang='lat' dir='ltr'>etiam</span> <span class='ocrx_word' id='word_1_27' title='bbox 704 584 794 660; x_wconf 80' lang='lat' dir='ltr'>cives</span> <span class='ocrx_word' id='word_1_28' title='bbox 815 582 994 666; x_wconf 89' lang='lat' dir='ltr'>Budenses,</span> <span class='ocrx_word' id='word_1_29' title='bbox 1029 584 1084 672; x_wconf 92' lang='lat' dir='ltr'>qui</span> <span class='ocrx_word' id='word_1_30' title='bbox 1116 592 1212 651; x_wconf 83' lang='lat' dir='ltr'>antea</span> <span class='ocrx_word' id='word_1_31' title='bbox 1242 605 1285 648; x_wconf 89' lang='lat' dir='ltr'>ex</span> <span class='ocrx_word' id='word_1_32' title='bbox 1305 580 1386 648; x_wconf 89' lang='lat' dir='ltr'>urbe</span> 
     </span>
     <span class='ocr_line' id='line_1_5' title="bbox 96 686 1390 777; baseline -0.001 -24"><span class='ocrx_word' id='word_1_33' title='bbox 96 696 313 773; x_wconf 84' lang='lat' dir='ltr'>recesserunt,</span> <span class='ocrx_word' id='word_1_34' title='bbox 341 688 438 777; x_wconf 92' lang='lat' dir='ltr'>paulo</span> <span class='ocrx_word' id='word_1_35' title='bbox 460 695 534 776; x_wconf 89' lang='lat' dir='ltr'>post</span> <span class='ocrx_word' id='word_1_36' title='bbox 554 690 678 757; x_wconf 87' lang='lat' dir='ltr'>reversi</span> <span class='ocrx_word' id='word_1_37' title='bbox 700 689 840 774; x_wconf 83' lang='lat' dir='ltr'>fuerunt,</span> <span class='ocrx_word' id='word_1_38' title='bbox 879 697 911 754; x_wconf 88' lang='lat' dir='ltr'>et</span> <span class='ocrx_word' id='word_1_39' title='bbox 932 688 973 754; x_wconf 90' lang='lat' dir='ltr'>de</span> <span class='ocrx_word' id='word_1_40' title='bbox 996 710 1080 761; x_wconf 88' lang='lat' dir='ltr'>novo</span> <span class='ocrx_word' id='word_1_41' title='bbox 1102 686 1323 771; x_wconf 87' lang='lat' dir='ltr'>aedificarunt,</span> <span class='ocrx_word' id='word_1_42' title='bbox 1340 694 1390 753; x_wconf 82' lang='lat' dir='ltr'>&#39;et</span> 
     </span>
     <span class='ocr_line' id='line_1_6' title="bbox 99 791 1388 881; baseline 0.001 -22"><span class='ocrx_word' id='word_1_43' title='bbox 99 791 267 877; x_wconf 66' lang='grc' dir='ltr'>((1111ώ(Ι</span> <span class='ocrx_word' id='word_1_44' title='bbox 284 802 634 861; x_wconf 62' lang='lat' dir='ltr'>sua-restauraverunt.</span> <span class='ocrx_word' id='word_1_45' title='bbox 668 794 845 862; x_wconf 89' lang='lat' dir='ltr'>Praeterea</span> <span class='ocrx_word' id='word_1_46' title='bbox 874 796 971 860; x_wconf 90' lang='lat' dir='ltr'>etiam</span> <span class='ocrx_word' id='word_1_47' title='bbox 1004 793 1154 881; x_wconf 89' lang='lat' dir='ltr'>Hungari</span> <span class='ocrx_word' id='word_1_48' title='bbox 1187 794 1388 881; x_wconf 79' lang='lat' dir='ltr'>neoelectum</span> 
     </span>
     <span class='ocr_line' id='line_1_7' title="bbox 99 896 1397 985; baseline 0.004 -22"><span class='ocrx_word' id='word_1_49' title='bbox 99 896 481 985; x_wconf 85' lang='lat' dir='ltr'>snumregemJoannem</span> <span class='ocrx_word' id='word_1_50' title='bbox 490 898 657 966; x_wconf 87' lang='lat' dir='ltr'>Stefannm</span> <span class='ocrx_word' id='word_1_51' title='bbox 667 901 701 965; x_wconf 89' lang='lat' dir='ltr'>in</span> <span class='ocrx_word' id='word_1_52' title='bbox 724 909 829 966; x_wconf 87' lang='lat' dir='ltr'>castro</span> <span class='ocrx_word' id='word_1_53' title='bbox 844 898 966 978; x_wconf 85' lang='lat' dir='ltr'>ibidem</span> <span class='ocrx_word' id='word_1_54' title='bbox 976 900 1012 965; x_wconf 90' lang='lat' dir='ltr'>in</span> <span class='ocrx_word' id='word_1_55' title='bbox 1025 898 1136 973; x_wconf 84' lang='lat' dir='ltr'>sedem</span> <span class='ocrx_word' id='word_1_56' title='bbox 1151 900 1276 985; x_wconf 89' lang='lat' dir='ltr'>regiam</span> <span class='ocrx_word' id='word_1_57' title='bbox 1292 901 1397 968; x_wconf 78' lang='lat' dir='ltr'>collo·¹</span> 
     </span>
     <span class='ocr_line' id='line_1_8' title="bbox 99 1003 1395 1092; baseline 0.002 -24"><span class='ocrx_word' id='word_1_58' title='bbox 99 1010 265 1086; x_wconf 81' lang='lat' dir='ltr'>caverunt,</span> <span class='ocrx_word' id='word_1_59' title='bbox 288 1003 359 1068; x_wconf 88' lang='lat' dir='ltr'>sine</span> <span class='ocrx_word' id='word_1_60' title='bbox 380 1003 720 1092; x_wconf 88' lang='lat' dir='ltr'>omni-impedimento</span> <span class='ocrx_word' id='word_1_61' title='bbox 754 1014 786 1070; x_wconf 91' lang='lat' dir='ltr'>et</span> <span class='ocrx_word' id='word_1_62' title='bbox 807 1006 931 1072; x_wconf 89' lang='lat' dir='ltr'>timore.</span> <span class='ocrx_word' id='word_1_63' title='bbox 1392 1026 1395 1033; x_wconf 75' lang='grc'><em>’</em></span> 
     </span>
     <span class='ocr_line' id='line_1_9' title="bbox 107 1092 1390 1196; baseline 0.002 -24"><span class='ocrx_word' id='word_1_64' title='bbox 107 1154 110 1159; x_wconf 91' lang='grc'>-</span> <span class='ocrx_word' id='word_1_65' title='bbox 182 1105 324 1173; x_wconf 91' lang='lat' dir='ltr'>Bohemi</span> <span class='ocrx_word' id='word_1_66' title='bbox 344 1101 427 1194; x_wconf 16' lang='lat' dir='ltr'>ergo*</span> <span class='ocrx_word' id='word_1_67' title='bbox 444 1115 522 1173; x_wconf 90' lang='lat' dir='ltr'>tnnc</span> <span class='ocrx_word' id='word_1_68' title='bbox 544 1107 686 1196; x_wconf 89' lang='lat' dir='ltr'>quidam,</span> <span class='ocrx_word' id='word_1_69' title='bbox 708 1092 899 1196; x_wconf 83' lang='lat' dir='ltr'>praesertim</span> <span class='ocrx_word' id='word_1_70' title='bbox 921 1105 1066 1196; x_wconf 89' lang='lat' dir='ltr'>primarii</span> <span class='ocrx_word' id='word_1_71' title='bbox 1089 1115 1122 1172; x_wconf 93' lang='lat' dir='ltr'>et</span> <span class='ocrx_word' id='word_1_72' title='bbox 1137 1106 1268 1196; x_wconf 88' lang='lat' dir='ltr'>judices</span> <span class='ocrx_word' id='word_1_73' title='bbox 1284 1115 1390 1175; x_wconf 87' lang='lat' dir='ltr'>terrae</span> 
     </span>
     <span class='ocr_line' id='line_1_10' title="bbox 99 1202 1408 1305; baseline 0.001 -28"><span class='ocrx_word' id='word_1_74' title='bbox 99 1231 173 1277; x_wconf 88' lang='lat' dir='ltr'>cum</span> <span class='ocrx_word' id='word_1_75' title='bbox 207 1212 275 1277; x_wconf 89' lang='lat' dir='ltr'>suis</span> <span class='ocrx_word' id='word_1_76' title='bbox 308 1211 544 1305; x_wconf 83' lang='lat' dir='ltr'>confoederatis</span> <span class='ocrx_word' id='word_1_77' title='bbox 566 1213 654 1279; x_wconf 90' lang='lat' dir='ltr'>domi</span> <span class='ocrx_word' id='word_1_78' title='bbox 686 1202 943 1301; x_wconf 87' lang='lat' dir='ltr'>permanserunt,</span> <span class='ocrx_word' id='word_1_79' title='bbox 976 1213 1046 1299; x_wconf 86' lang='lat' dir='ltr'>regi</span> <span class='ocrx_word' id='word_1_80' title='bbox 1077 1211 1201 1277; x_wconf 91' lang='lat' dir='ltr'>nullum</span> <span class='ocrx_word' id='word_1_81' title='bbox 1234 1204 1408 1278; x_wconf 76' lang='lat' dir='ltr'>auxilium‘</span> 
     </span>
     <span class='ocr_line' id='line_1_11' title="bbox 99 1312 1392 1407; baseline 0.002 -27"><span class='ocrx_word' id='word_1_82' title='bbox 99 1313 304 1402; x_wconf 85' lang='lat' dir='ltr'>praebentes,</span> <span class='ocrx_word' id='word_1_83' title='bbox 339 1326 417 1407; x_wconf 74' lang='lat' dir='ltr'>post¹</span> <span class='ocrx_word' id='word_1_84' title='bbox 446 1326 494 1384; x_wconf 89' lang='lat' dir='ltr'>tot</span> <span class='ocrx_word' id='word_1_85' title='bbox 516 1317 662 1407; x_wconf 88' lang='lat' dir='ltr'>ejusdem</span> <span class='ocrx_word' id='word_1_86' title='bbox 683 1317 837 1385; x_wconf 88' lang='lat' dir='ltr'>mandata</span> <span class='ocrx_word' id='word_1_87' title='bbox 856 1340 922 1385; x_wconf 89' lang='lat' dir='ltr'>non</span> <span class='ocrx_word' id='word_1_88' title='bbox 946 1317 1058 1401; x_wconf 89' lang='lat' dir='ltr'>solum,</span> <span class='ocrx_word' id='word_1_89' title='bbox 1092 1312 1213 1382; x_wconf 72' lang='lat' dir='ltr'>uerum</span> <span class='ocrx_word' id='word_1_90' title='bbox 1231 1317 1327 1380; x_wconf 73' lang='lat' dir='ltr'>eham</span> <span class='ocrx_word' id='word_1_91' title='bbox 1349 1315 1392 1383; x_wconf 90' lang='lat' dir='ltr'>ad</span> 
     </span>
     <span class='ocr_line' id='line_1_12' title="bbox 100 1418 1392 1511; baseline 0.002 -27"><span class='ocrx_word' id='word_1_92' title='bbox 100 1418 247 1507; x_wconf 88' lang='lat' dir='ltr'>ejusdem</span> <span class='ocrx_word' id='word_1_93' title='bbox 264 1421 477 1499; x_wconf 76' lang='lat' dir='ltr'>¹inconsuetas</span> <span class='ocrx_word' id='word_1_94' title='bbox 497 1421 726 1511; x_wconf 81' lang='lat' dir='ltr'>lacrymabiles</span> <span class='ocrx_word' id='word_1_95' title='bbox 748 1423 933 1511; x_wconf 74' lang='lat' dir='ltr'>petitiones,</span> <span class='ocrx_word' id='word_1_96' title='bbox 967 1421 1024 1487; x_wconf 90' lang='lat' dir='ltr'>ubi</span> <span class='ocrx_word' id='word_1_97' title='bbox 1054 1429 1163 1487; x_wconf 88' lang='lat' dir='ltr'>tamen</span> <span class='ocrx_word' id='word_1_98' title='bbox 1183 1441 1295 1485; x_wconf 90' lang='lat' dir='ltr'>omnes</span> <span class='ocrx_word' id='word_1_99' title='bbox 1324 1429 1392 1486; x_wconf 85' lang='lat' dir='ltr'>tres</span> 
     </span>
     <span class='ocr_line' id='line_1_13' title="bbox 100 1520 1392 1615; baseline 0.002 -27"><span class='ocrx_word' id='word_1_100' title='bbox 100 1531 204 1605; x_wconf 86' lang='lat' dir='ltr'>status</span> <span class='ocrx_word' id='word_1_101' title='bbox 227 1523 288 1591; x_wconf 91' lang='lat' dir='ltr'>snb</span> <span class='ocrx_word' id='word_1_102' title='bbox 308 1526 520 1615; x_wconf 88' lang='lat' dir='ltr'>inscriptione</span> <span class='ocrx_word' id='word_1_103' title='bbox 541 1520 716 1595; x_wconf 52' lang='lat' dir='ltr'>instabulis</span> <span class='ocrx_word' id='word_1_104' title='bbox 738 1527 838 1614; x_wconf 86' lang='lat' dir='ltr'>regiis</span> <span class='ocrx_word' id='word_1_105' title='bbox 862 1534 895 1593; x_wconf 93' lang='lat' dir='ltr'>et</span> <span class='ocrx_word' id='word_1_106' title='bbox 914 1526 1009 1612; x_wconf 85' lang='lat' dir='ltr'>regni</span> <span class='ocrx_word' id='word_1_107' title='bbox 1033 1526 1068 1599; x_wconf 67' lang='lat' dir='ltr'>sse</span> <span class='ocrx_word' id='word_1_108' title='bbox 1090 1523 1330 1610; x_wconf 82' lang='lat' dir='ltr'>obstringentes</span> <span class='ocrx_word' id='word_1_109' title='bbox 1355 1524 1392 1590; x_wconf 89' lang='lat' dir='ltr'>in</span> 
     </span>
     <span class='ocr_line' id='line_1_14' title="bbox 99 1624 1391 1716; baseline -0.001 -21"><span class='ocrx_word' id='word_1_110' title='bbox 99 1628 242 1707; x_wconf 85' lang='lat' dir='ltr'>comitiis</span> <span class='ocrx_word' id='word_1_111' title='bbox 262 1629 298 1694; x_wconf 92' lang='lat' dir='ltr'>in</span> <span class='ocrx_word' id='word_1_112' title='bbox 320 1628 374 1696; x_wconf 90' lang='lat' dir='ltr'>die</span> <span class='ocrx_word' id='word_1_113' title='bbox 396 1628 429 1696; x_wconf 86' lang='lat' dir='ltr'>S.</span> <span class='ocrx_word' id='word_1_114' title='bbox 452 1624 617 1697; x_wconf 90' lang='lat' dir='ltr'>Vincentii</span> <span class='ocrx_word' id='word_1_115' title='bbox 639 1651 725 1696; x_wconf 92' lang='lat' dir='ltr'>anno</span> <span class='ocrx_word' id='word_1_116' title='bbox 741 1632 834 1704; x_wconf 72' lang='lat'><strong>‚1523</strong></span> <span class='ocrx_word' id='word_1_117' title='bbox 855 1629 975 1697; x_wconf 89' lang='lat' dir='ltr'>habitis</span> <span class='ocrx_word' id='word_1_118' title='bbox 997 1631 1031 1694; x_wconf 90' lang='lat' dir='ltr'>in</span> <span class='ocrx_word' id='word_1_119' title='bbox 1053 1629 1237 1716; x_wconf 81' lang='lat' dir='ltr'>praesentia</span> <span class='ocrx_word' id='word_1_120' title='bbox 1258 1628 1391 1715; x_wconf 84' lang='lat' dir='ltr'>regiain</span> 
     </span>
     <span class='ocr_line' id='line_1_15' title="bbox 98 1731 1395 1824; baseline -0.001 -25"><span class='ocrx_word' id='word_1_121' title='bbox 98 1753 176 1799; x_wconf 82' lang='lat' dir='ltr'>arce</span> <span class='ocrx_word' id='word_1_122' title='bbox 197 1732 356 1820; x_wconf 88' lang='lat' dir='ltr'>Pragensi</span> <span class='ocrx_word' id='word_1_123' title='bbox 376 1734 605 1822; x_wconf 87' lang='lat' dir='ltr'>promiserunt,</span> <span class='ocrx_word' id='word_1_124' title='bbox 643 1735 729 1824; x_wconf 91' lang='lat' dir='ltr'>quod</span> <span class='ocrx_word' id='word_1_125' title='bbox 752 1735 859 1801; x_wconf 90' lang='lat' dir='ltr'>eidem</span> <span class='ocrx_word' id='word_1_126' title='bbox 881 1733 1004 1801; x_wconf 87' lang='lat' dir='ltr'>anxilio</span> <span class='ocrx_word' id='word_1_127' title='bbox 1027 1741 1139 1799; x_wconf 85' lang='lat' dir='ltr'>contra</span> <span class='ocrx_word' id='word_1_128' title='bbox 1153 1731 1299 1796; x_wconf 65' lang='lat' dir='ltr'>¹slisroam</span> <span class='ocrx_word' id='word_1_129' title='bbox 1323 1753 1395 1819; x_wconf 89' lang='lat' dir='ltr'>suc·</span> 
     </span>
     <span class='ocr_line' id='line_1_16' title="bbox 98 1834 1394 1927; baseline -0.001 -24"><span class='ocrx_word' id='word_1_130' title='bbox 98 1835 231 1917; x_wconf 73' lang='lat' dir='ltr'>cupreus</span> <span class='ocrx_word' id='word_1_131' title='bbox 251 1836 367 1916; x_wconf 75' lang='lat' dir='ltr'>velint,</span> <span class='ocrx_word' id='word_1_132' title='bbox 383 1846 420 1904; x_wconf 83' lang='lat' dir='ltr'>et</span> <span class='ocrx_word' id='word_1_133' title='bbox 441 1837 527 1927; x_wconf 89' lang='lat' dir='ltr'>quod</span> <span class='ocrx_word' id='word_1_134' title='bbox 550 1839 578 1904; x_wconf 88' lang='lat' dir='ltr'>si</span> <span class='ocrx_word' id='word_1_135' title='bbox 599 1838 634 1905; x_wconf 93' lang='lat' dir='ltr'>id</span> <span class='ocrx_word' id='word_1_136' title='bbox 654 1862 721 1906; x_wconf 91' lang='lat' dir='ltr'>non</span> <span class='ocrx_word' id='word_1_137' title='bbox 744 1840 907 1906; x_wconf 83' lang='lat' dir='ltr'>sufficeret</span> <span class='ocrx_word' id='word_1_138' title='bbox 940 1846 973 1904; x_wconf 89' lang='lat' dir='ltr'>et</span> <span class='ocrx_word' id='word_1_139' title='bbox 993 1837 1101 1903; x_wconf 82' lang='lat' dir='ltr'>Turca</span> <span class='ocrx_word' id='word_1_140' title='bbox 1122 1834 1324 1922; x_wconf 85' lang='lat' dir='ltr'>Hungariam</span> <span class='ocrx_word' id='word_1_141' title='bbox 1345 1837 1394 1902; x_wconf 90' lang='lat' dir='ltr'>in·</span> 
     </span>
     <span class='ocr_line' id='line_1_17' title="bbox 98 1939 1394 2032; baseline 0 -25"><span class='ocrx_word' id='word_1_142' title='bbox 98 1939 301 2029; x_wconf 81' lang='lat' dir='ltr'>grederetnr,</span> <span class='ocrx_word' id='word_1_143' title='bbox 334 1940 420 2028; x_wconf 92' lang='lat' dir='ltr'>quod</span> <span class='ocrx_word' id='word_1_144' title='bbox 442 1941 536 2032; x_wconf 20' lang='lat' dir='ltr'>„nullo</span> <span class='ocrx_word' id='word_1_145' title='bbox 557 1942 666 2008; x_wconf 83' lang='lat' dir='ltr'>&#39;modo</span> <span class='ocrx_word' id='word_1_146' title='bbox 700 1964 812 2029; x_wconf 90' lang='lat' dir='ltr'>regem</span> <span class='ocrx_word' id='word_1_147' title='bbox 834 1941 987 2008; x_wconf 87' lang='lat' dir='ltr'>deserere</span> <span class='ocrx_word' id='word_1_148' title='bbox 1007 1940 1120 2023; x_wconf 89' lang='lat' dir='ltr'>velint,</span> <span class='ocrx_word' id='word_1_149' title='bbox 1156 1940 1215 2009; x_wconf 85' lang='lat' dir='ltr'>ssd</span> <span class='ocrx_word' id='word_1_150' title='bbox 1235 1942 1394 2007; x_wconf 83' lang='lat' dir='ltr'>auxilium</span> 
     </span>
     <span class='ocr_line' id='line_1_18' title="bbox 99 2038 1394 2139; baseline -0.002 -27"><span class='ocrx_word' id='word_1_151' title='bbox 99 2045 208 2125; x_wconf 87' lang='lat' dir='ltr'>eidem</span> <span class='ocrx_word' id='word_1_152' title='bbox 230 2038 319 2139; x_wconf 83' lang='lat' dir='ltr'>omni</span> <span class='ocrx_word' id='word_1_153' title='bbox 340 2045 440 2113; x_wconf 87' lang='lat' dir='ltr'>modo</span> <span class='ocrx_word' id='word_1_154' title='bbox 459 2046 609 2137; x_wconf 84' lang='lat' dir='ltr'>possibili</span> <span class='ocrx_word' id='word_1_155' title='bbox 631 2047 848 2136; x_wconf 77' lang='lat' dir='ltr'>suppeditare,</span> <span class='ocrx_word' id='word_1_156' title='bbox 881 2055 993 2135; x_wconf 88' lang='lat' dir='ltr'>utpote</span> <span class='ocrx_word' id='word_1_157' title='bbox 1026 2054 1138 2113; x_wconf 76' lang='lat' dir='ltr'>contm</span> <span class='ocrx_word' id='word_1_158' title='bbox 1168 2045 1394 2115; x_wconf 56' lang='lat' dir='ltr'>fidei&#39;christi·</span> 
     </span>
     <span class='ocr_line' id='line_1_19' title="bbox 98 2149 1408 2241; baseline -0.002 -25"><span class='ocrx_word' id='word_1_159' title='bbox 98 2172 184 2217; x_wconf 89' lang='lat' dir='ltr'>anae</span> <span class='ocrx_word' id='word_1_160' title='bbox 205 2149 382 2216; x_wconf 87' lang='lat' dir='ltr'>inimicum.</span> <span class='ocrx_word' id='word_1_161' title='bbox 415 2151 460 2216; x_wconf 82' lang='lat' dir='ltr'>Et</span> <span class='ocrx_word' id='word_1_162' title='bbox 483 2151 632 2240; x_wconf 84' lang='lat' dir='ltr'>quamvis</span> <span class='ocrx_word' id='word_1_163' title='bbox 650 2161 811 2241; x_wconf 48' lang='lat' dir='ltr'>,appareat</span> <span class='ocrx_word' id='word_1_164' title='bbox 844 2152 1010 2220; x_wconf 89' lang='lat' dir='ltr'>dominum</span> <span class='ocrx_word' id='word_1_165' title='bbox 1030 2152 1111 2218; x_wconf 89' lang='lat' dir='ltr'>Lew</span> <span class='ocrx_word' id='word_1_166' title='bbox 1132 2173 1207 2218; x_wconf 91' lang='lat' dir='ltr'>cum</span> <span class='ocrx_word' id='word_1_167' title='bbox 1230 2149 1302 2215; x_wconf 89' lang='lat' dir='ltr'>aliis</span> <span class='ocrx_word' id='word_1_168' title='bbox 1325 2151 1408 2216; x_wconf 59' lang='lat' dir='ltr'>suis*</span> 
     </span>
     <span class='ocr_line' id='line_1_20' title="bbox 97 2254 1424 2344; baseline -0.002 -23"><span class='ocrx_word' id='word_1_169' title='bbox 97 2254 358 2322; x_wconf 72' lang='lat' dir='ltr'>adhaerentibus</span> <span class='ocrx_word' id='word_1_170' title='bbox 382 2264 414 2321; x_wconf 90' lang='lat' dir='ltr'>et</span> <span class='ocrx_word' id='word_1_171' title='bbox 434 2255 654 2344; x_wconf 84' lang='lat' dir='ltr'>Pragensibus</span> <span class='ocrx_word' id='word_1_172' title='bbox 676 2279 712 2323; x_wconf 91' lang='lat' dir='ltr'>se</span> <span class='ocrx_word' id='word_1_173' title='bbox 729 2257 928 2324; x_wconf 87' lang='lat' dir='ltr'>sufficienter</span> <span class='ocrx_word' id='word_1_174' title='bbox 939 2278 1126 2334; x_wconf 87' lang='lat' dir='ltr'>excusasse,</span> <span class='ocrx_word' id='word_1_175' title='bbox 1149 2263 1348 2322; x_wconf 82' lang='lat' dir='ltr'>revocantes·</span> <span class='ocrx_word' id='word_1_176' title='bbox 1361 2256 1424 2320; x_wconf 83' lang='lat' dir='ltr'>se‘</span> 
     </span>
     <span class='ocr_line' id='line_1_21' title="bbox 96 2359 1395 2448; baseline -0.002 -22"><span class='ocrx_word' id='word_1_177' title='bbox 96 2359 141 2426; x_wconf 85' lang='lat' dir='ltr'>ad</span> <span class='ocrx_word' id='word_1_178' title='bbox 164 2361 297 2426; x_wconf 87' lang='lat' dir='ltr'>comitia</span> <span class='ocrx_word' id='word_1_179' title='bbox 318 2361 354 2426; x_wconf 91' lang='lat' dir='ltr'>in</span> <span class='ocrx_word' id='word_1_180' title='bbox 383 2359 438 2431; x_wconf 89' lang='lat' dir='ltr'>bis</span> <span class='ocrx_word' id='word_1_181' title='bbox 460 2361 597 2448; x_wconf 84' lang='lat' dir='ltr'>agendis</span> <span class='ocrx_word' id='word_1_182' title='bbox 620 2361 798 2429; x_wconf 87' lang='lat' dir='ltr'>secundum</span> <span class='ocrx_word' id='word_1_183' title='bbox 820 2371 926 2428; x_wconf 89' lang='lat' dir='ltr'>terrae</span> <span class='ocrx_word' id='word_1_184' title='bbox 949 2369 1067 2427; x_wconf 87' lang='lat' dir='ltr'>statuta</span> <span class='ocrx_word' id='word_1_185' title='bbox 1100 2368 1134 2427; x_wconf 91' lang='lat' dir='ltr'>et</span> <span class='ocrx_word' id='word_1_186' title='bbox 1163 2359 1395 2427; x_wconf 85' lang='lat' dir='ltr'>ordinationes.</span> 
     </span>
     <span class='ocr_line' id='line_1_22' title="bbox 97 2462 1397 2553; baseline 0.002 -23"><span class='ocrx_word' id='word_1_187' title='bbox 97 2462 184 2530; x_wconf 81' lang='lat' dir='ltr'>Cum</span> <span class='ocrx_word' id='word_1_188' title='bbox 204 2486 283 2530; x_wconf 89' lang='lat' dir='ltr'>vero</span> <span class='ocrx_word' id='word_1_189' title='bbox 305 2472 370 2549; x_wconf 85' lang='lat' dir='ltr'>tam</span> <span class='ocrx_word' id='word_1_190' title='bbox 392 2487 513 2553; x_wconf 88' lang='lat' dir='ltr'>magna</span> <span class='ocrx_word' id='word_1_191' title='bbox 533 2469 711 2533; x_wconf 87' lang='lat' dir='ltr'>necessitas</span> <span class='ocrx_word' id='word_1_192' title='bbox 733 2465 864 2533; x_wconf 89' lang='lat' dir='ltr'>domino</span> <span class='ocrx_word' id='word_1_193' title='bbox 886 2467 958 2553; x_wconf 87' lang='lat' dir='ltr'>regi</span> <span class='ocrx_word' id='word_1_194' title='bbox 966 2465 1145 2549; x_wconf 74' lang='lat' dir='ltr'>obuenerit,</span> <span class='ocrx_word' id='word_1_195' title='bbox 1167 2466 1255 2553; x_wconf 88' lang='lat' dir='ltr'>quod</span> <span class='ocrx_word' id='word_1_196' title='bbox 1269 2467 1397 2535; x_wconf 85' lang='lat' dir='ltr'>Turcae</span> 
     </span>
     <span class='ocr_line' id='line_1_23' title="bbox 97 2568 1396 2661; baseline 0.002 -28"><span class='ocrx_word' id='word_1_197' title='bbox 97 2569 266 2655; x_wconf 88' lang='lat' dir='ltr'>inopinate</span> <span class='ocrx_word' id='word_1_198' title='bbox 287 2568 415 2661; x_wconf 86' lang='lat' dir='ltr'>Budsm</span> <span class='ocrx_word' id='word_1_199' title='bbox 436 2572 693 2658; x_wconf 86' lang='lat' dir='ltr'>properaverint,</span> <span class='ocrx_word' id='word_1_200' title='bbox 728 2572 815 2637; x_wconf 90' lang='lat' dir='ltr'>omni</span> <span class='ocrx_word' id='word_1_201' title='bbox 837 2570 933 2637; x_wconf 92' lang='lat' dir='ltr'>modo</span> <span class='ocrx_word' id='word_1_202' title='bbox 956 2592 1145 2636; x_wconf 89' lang='lat' dir='ltr'>succurrere</span> <span class='ocrx_word' id='word_1_203' title='bbox 1166 2571 1251 2658; x_wconf 24' lang='lat' dir='ltr'>regi„</span> <span class='ocrx_word' id='word_1_204' title='bbox 1266 2578 1396 2659; x_wconf 85' lang='lat' dir='ltr'>oportu-</span> 
     </span>
     <span class='ocr_line' id='line_1_24' title="bbox 99 2673 1395 2764; baseline 0.002 -27"><span class='ocrx_word' id='word_1_205' title='bbox 99 2674 197 2757; x_wconf 73' lang='lat' dir='ltr'>isset,</span> <span class='ocrx_word' id='word_1_206' title='bbox 231 2695 384 2763; x_wconf 80' lang='lat' dir='ltr'>proceres</span> <span class='ocrx_word' id='word_1_207' title='bbox 406 2673 548 2763; x_wconf 91' lang='lat' dir='ltr'>quidem,</span> <span class='ocrx_word' id='word_1_208' title='bbox 583 2677 710 2764; x_wconf 84' lang='lat' dir='ltr'>equites</span> <span class='ocrx_word' id='word_1_209' title='bbox 732 2684 764 2741; x_wconf 91' lang='lat' dir='ltr'>et</span> <span class='ocrx_word' id='word_1_210' title='bbox 786 2683 888 2741; x_wconf 89' lang='lat' dir='ltr'>status</span> <span class='ocrx_word' id='word_1_211' title='bbox 909 2674 1017 2741; x_wconf 82' lang='lat' dir='ltr'>civilis</span> <span class='ocrx_word' id='word_1_212' title='bbox 1040 2674 1203 2763; x_wconf 78' lang='lat' dir='ltr'>(exceptis</span> <span class='ocrx_word' id='word_1_213' title='bbox 1225 2674 1395 2762; x_wconf 71' lang='lat' dir='ltr'>Pragensi2</span> 
     </span>
     <span class='ocr_line' id='line_1_25' title="bbox 103 2776 1445 2867; baseline 0 -24"><span class='ocrx_word' id='word_1_214' title='bbox 103 2776 189 2865; x_wconf 84' lang='lat' dir='ltr'>bns),</span> <span class='ocrx_word' id='word_1_215' title='bbox 214 2776 269 2865; x_wconf 92' lang='lat' dir='ltr'>qui</span> <span class='ocrx_word' id='word_1_216' title='bbox 286 2778 593 2867; x_wconf 87' lang='lat' dir='ltr'>juxta-mandatum</span> <span class='ocrx_word' id='word_1_217' title='bbox 616 2779 739 2845; x_wconf 90' lang='lat' dir='ltr'>domini</span> <span class='ocrx_word' id='word_1_218' title='bbox 761 2782 811 2845; x_wconf 90' lang='lat' dir='ltr'>sui</span> <span class='ocrx_word' id='word_1_219' title='bbox 834 2778 952 2846; x_wconf 79' lang='lat' dir='ltr'>oolinii</span> <span class='ocrx_word' id='word_1_220' title='bbox 975 2787 1202 2856; x_wconf 88' lang='lat' dir='ltr'>convenerant,</span> <span class='ocrx_word' id='word_1_221' title='bbox 1236 2780 1271 2844; x_wconf 90' lang='lat' dir='ltr'>in</span> <span class='ocrx_word' id='word_1_222' title='bbox 1303 2777 1399 2844; x_wconf 89' lang='lat' dir='ltr'>dissi·</span> <span class='ocrx_word' id='word_1_223' title='bbox 1442 2816 1445 2823; x_wconf 79' lang='lat'>,</span> 
     </span>
     <span class='ocr_line' id='line_1_26' title="bbox 101 2879 1395 2975; baseline 0.002 -29"><span class='ocrx_word' id='word_1_224' title='bbox 101 2879 164 2947; x_wconf 87' lang='lat' dir='ltr'>diis</span> <span class='ocrx_word' id='word_1_225' title='bbox 187 2882 316 2975; x_wconf 87' lang='lat' dir='ltr'>magnis</span> <span class='ocrx_word' id='word_1_226' title='bbox 338 2905 412 2949; x_wconf 90' lang='lat' dir='ltr'>cum</span> <span class='ocrx_word' id='word_1_227' title='bbox 432 2882 562 2950; x_wconf 90' lang='lat' dir='ltr'>domino</span> <span class='ocrx_word' id='word_1_228' title='bbox 586 2883 667 2950; x_wconf 84' lang='lat' dir='ltr'>Lew</span> <span class='ocrx_word' id='word_1_229' title='bbox 690 2892 723 2950; x_wconf 89' lang='lat' dir='ltr'>et</span> <span class='ocrx_word' id='word_1_230' title='bbox 760 2885 829 2972; x_wconf 90' lang='lat' dir='ltr'>ejus</span> <span class='ocrx_word' id='word_1_231' title='bbox 849 2884 1100 2951; x_wconf 88' lang='lat' dir='ltr'>adhaerentibus</span> <span class='ocrx_word' id='word_1_232' title='bbox 1137 2905 1177 2950; x_wconf 87' lang='lat' dir='ltr'>ac</span> <span class='ocrx_word' id='word_1_233' title='bbox 1209 2906 1282 2951; x_wconf 87' lang='lat' dir='ltr'>oum</span> <span class='ocrx_word' id='word_1_234' title='bbox 1315 2883 1395 2951; x_wconf 87' lang='lat' dir='ltr'>Prs-</span> 
     </span>
     <span class='ocr_line' id='line_1_27' title="bbox 102 2979 1396 3078; baseline 0.001 -25"><span class='ocrx_word' id='word_1_235' title='bbox 102 2985 261 3074; x_wconf 82' lang='lat' dir='ltr'>gensibus</span> <span class='ocrx_word' id='word_1_236' title='bbox 282 2989 468 3071; x_wconf 83' lang='lat' dir='ltr'>existentes,</span> <span class='ocrx_word' id='word_1_237' title='bbox 492 2979 609 3078; x_wconf 87' lang='lat' dir='ltr'>quibus</span> <span class='ocrx_word' id='word_1_238' title='bbox 633 2987 783 3055; x_wconf 88' lang='lat' dir='ltr'>omnihus</span> <span class='ocrx_word' id='word_1_239' title='bbox 804 2988 988 3077; x_wconf 90' lang='lat' dir='ltr'>pertinebat</span> <span class='ocrx_word' id='word_1_240' title='bbox 1009 2988 1132 3055; x_wconf 89' lang='lat' dir='ltr'>ibidem</span> <span class='ocrx_word' id='word_1_241' title='bbox 1163 2991 1338 3057; x_wconf 86' lang='lat' dir='ltr'>convenire</span> <span class='ocrx_word' id='word_1_242' title='bbox 1360 2991 1396 3054; x_wconf 87' lang='lat' dir='ltr'>in</span> 
     </span>
     <span class='ocr_line' id='line_1_28' title="bbox 102 3091 1398 3179; baseline 0 -21"><span class='ocrx_word' id='word_1_243' title='bbox 102 3092 245 3158; x_wconf 86' lang='lat' dir='ltr'>comitiis</span> <span class='ocrx_word' id='word_1_244' title='bbox 266 3091 417 3179; x_wconf 83' lang='lat' dir='ltr'>publicis,</span> <span class='ocrx_word' id='word_1_245' title='bbox 441 3102 474 3159; x_wconf 91' lang='lat' dir='ltr'>et</span> <span class='ocrx_word' id='word_1_246' title='bbox 496 3116 535 3159; x_wconf 93' lang='lat' dir='ltr'>eo</span> <span class='ocrx_word' id='word_1_247' title='bbox 558 3116 593 3159; x_wconf 91' lang='lat' dir='ltr'>se</span> <span class='ocrx_word' id='word_1_248' title='bbox 615 3115 783 3170; x_wconf 86' lang='lat' dir='ltr'>revocare,</span> <span class='ocrx_word' id='word_1_249' title='bbox 807 3095 890 3159; x_wconf 88' lang='lat' dir='ltr'>siout</span> <span class='ocrx_word' id='word_1_250' title='bbox 912 3093 993 3161; x_wconf 86' lang='lat' dir='ltr'>aliis.</span> <span class='ocrx_word' id='word_1_251' title='bbox 1017 3093 1092 3159; x_wconf 86' lang='lat' dir='ltr'>Jam</span> <span class='ocrx_word' id='word_1_252' title='bbox 1114 3115 1193 3159; x_wconf 84' lang='lat' dir='ltr'>vero</span> <span class='ocrx_word' id='word_1_253' title='bbox 1216 3094 1265 3159; x_wconf 87' lang='lat' dir='ltr'>illi</span> <span class='ocrx_word' id='word_1_254' title='bbox 1287 3096 1322 3158; x_wconf 92' lang='lat' dir='ltr'>in</span> <span class='ocrx_word' id='word_1_255' title='bbox 1345 3093 1398 3159; x_wconf 89' lang='lat' dir='ltr'>dis</span> 
     </span>
     <span class='ocr_line' id='line_1_29' title="bbox 101 3195 1397 3291; baseline 0 -29"><span class='ocrx_word' id='word_1_256' title='bbox 101 3195 137 3277; x_wconf 63' lang='lat' dir='ltr'>S,</span> <span class='ocrx_word' id='word_1_257' title='bbox 160 3195 194 3262; x_wconf 87' lang='lat' dir='ltr'>S.</span> <span class='ocrx_word' id='word_1_258' title='bbox 216 3195 307 3261; x_wconf 88' lang='lat' dir='ltr'>Petri</span> <span class='ocrx_word' id='word_1_259' title='bbox 328 3205 361 3291; x_wconf 84' lang='lat' dir='ltr'>et</span> <span class='ocrx_word' id='word_1_260' title='bbox 382 3197 475 3263; x_wconf 90' lang='lat' dir='ltr'>Pauli</span> <span class='ocrx_word' id='word_1_261' title='bbox 497 3197 540 3263; x_wconf 90' lang='lat' dir='ltr'>sd</span> <span class='ocrx_word' id='word_1_262' title='bbox 561 3197 750 3264; x_wconf 88' lang='lat' dir='ltr'>mandatum</span> <span class='ocrx_word' id='word_1_263' title='bbox 780 3198 906 3284; x_wconf 90' lang='lat' dir='ltr'>regium</span> <span class='ocrx_word' id='word_1_264' title='bbox 941 3220 1053 3267; x_wconf 89' lang='lat' dir='ltr'>omnes</span> <span class='ocrx_word' id='word_1_265' title='bbox 1077 3197 1197 3264; x_wconf 82' lang='lat' dir='ltr'>Oolinii</span> <span class='ocrx_word' id='word_1_266' title='bbox 1231 3219 1397 3265; x_wconf 82' lang='lat' dir='ltr'>convene·</span> 
     </span>
     <span class='ocr_line' id='line_1_30' title="bbox 101 3299 1397 3390; baseline -0.002 -23"><span class='ocrx_word' id='word_1_267' title='bbox 101 3309 185 3380; x_wconf 87' lang='lat' dir='ltr'>rant,</span> <span class='ocrx_word' id='word_1_268' title='bbox 209 3309 242 3367; x_wconf 87' lang='lat' dir='ltr'>et</span> <span class='ocrx_word' id='word_1_269' title='bbox 261 3301 346 3367; x_wconf 88' lang='lat' dir='ltr'>iuter</span> <span class='ocrx_word' id='word_1_270' title='bbox 369 3322 409 3368; x_wconf 89' lang='lat' dir='ltr'>se</span> <span class='ocrx_word' id='word_1_271' title='bbox 426 3311 572 3390; x_wconf 84' lang='lat' dir='ltr'>egerant,</span> <span class='ocrx_word' id='word_1_272' title='bbox 595 3312 632 3369; x_wconf 91' lang='lat' dir='ltr'>ut</span> <span class='ocrx_word' id='word_1_273' title='bbox 652 3302 778 3369; x_wconf 90' lang='lat' dir='ltr'>nullum</span> <span class='ocrx_word' id='word_1_274' title='bbox 802 3310 1028 3389; x_wconf 85' lang='lat' dir='ltr'>exspectantes</span> <span class='ocrx_word' id='word_1_275' title='bbox 1046 3300 1253 3385; x_wconf 86' lang='lat' dir='ltr'>satisfaciant,</span> <span class='ocrx_word' id='word_1_276' title='bbox 1277 3310 1309 3366; x_wconf 90' lang='lat' dir='ltr'>et</span> <span class='ocrx_word' id='word_1_277' title='bbox 1326 3299 1397 3388; x_wconf 89' lang='lat' dir='ltr'>regi</span> 
     </span>
     <span class='ocr_line' id='line_1_31' title="bbox 100 3402 1396 3495; baseline -0.001 -23"><span class='ocrx_word' id='word_1_278' title='bbox 100 3405 261 3473; x_wconf 89' lang='lat' dir='ltr'>auxilium</span> <span class='ocrx_word' id='word_1_279' title='bbox 283 3402 438 3491; x_wconf 78' lang='lat' dir='ltr'>tribuant,</span> <span class='ocrx_word' id='word_1_280' title='bbox 459 3417 556 3495; x_wconf 89' lang='lat' dir='ltr'>prout</span> <span class='ocrx_word' id='word_1_281' title='bbox 578 3408 686 3490; x_wconf 89' lang='lat' dir='ltr'>etiam,</span> <span class='ocrx_word' id='word_1_282' title='bbox 709 3413 880 3495; x_wconf 86' lang='lat' dir='ltr'>postquam</span> <span class='ocrx_word' id='word_1_283' title='bbox 902 3427 962 3470; x_wconf 88' lang='lat' dir='ltr'>rex</span> <span class='ocrx_word' id='word_1_284' title='bbox 976 3404 1042 3469; x_wconf 90' lang='lat' dir='ltr'>illis</span> <span class='ocrx_word' id='word_1_285' title='bbox 1056 3404 1206 3470; x_wconf 87' lang='lat' dir='ltr'>omnibus</span> <span class='ocrx_word' id='word_1_286' title='bbox 1221 3406 1396 3471; x_wconf 88' lang='lat' dir='ltr'>terminum</span> 
     </span>
     <span class='ocr_line' id='line_1_32' title="bbox 74 3504 1397 3599; baseline 0.001 -22"><span class='ocrx_word' id='word_1_287' title='bbox 74 3504 138 3577; x_wconf 59' lang='lat' dir='ltr'>viu</span> <span class='ocrx_word' id='word_1_288' title='bbox 161 3509 218 3576; x_wconf 90' lang='lat' dir='ltr'>die</span> <span class='ocrx_word' id='word_1_289' title='bbox 240 3509 275 3577; x_wconf 88' lang='lat' dir='ltr'>S.</span> <span class='ocrx_word' id='word_1_290' title='bbox 295 3509 522 3598; x_wconf 73' lang='lat' dir='ltr'>Margareshas</span> <span class='ocrx_word' id='word_1_291' title='bbox 544 3510 586 3576; x_wconf 88' lang='lat' dir='ltr'>ad</span> <span class='ocrx_word' id='word_1_292' title='bbox 609 3510 851 3599; x_wconf 89' lang='lat' dir='ltr'>procedendum</span> <span class='ocrx_word' id='word_1_293' title='bbox 873 3511 1082 3596; x_wconf 86' lang='lat' dir='ltr'>assignasset,</span> <span class='ocrx_word' id='word_1_294' title='bbox 1099 3510 1197 3597; x_wconf 82' lang='lat' dir='ltr'>juxta</span> <span class='ocrx_word' id='word_1_295' title='bbox 1219 3508 1280 3576; x_wconf 87' lang='lat' dir='ltr'>hoc</span> <span class='ocrx_word' id='word_1_296' title='bbox 1304 3532 1397 3579; x_wconf 86' lang='lat' dir='ltr'>man-</span> 
     </span>
     <span class='ocr_line' id='line_1_33' title="bbox 101 3613 1413 3703; baseline 0 -22"><span class='ocrx_word' id='word_1_297' title='bbox 101 3613 217 3681; x_wconf 87' lang='lat' dir='ltr'>datum</span> <span class='ocrx_word' id='word_1_298' title='bbox 238 3615 310 3680; x_wconf 89' lang='lat' dir='ltr'>sine</span> <span class='ocrx_word' id='word_1_299' title='bbox 332 3614 488 3689; x_wconf 84' lang='lat' dir='ltr'>dilatione</span> <span class='ocrx_word' id='word_1_300' title='bbox 509 3615 596 3681; x_wconf 68' lang='lat' dir='ltr'>mam</span> <span class='ocrx_word' id='word_1_301' title='bbox 619 3617 767 3703; x_wconf 85' lang='lat' dir='ltr'>aggressi</span> <span class='ocrx_word' id='word_1_302' title='bbox 786 3616 878 3700; x_wconf 67' lang='lat' dir='ltr'>‘sunt3</span> <span class='ocrx_word' id='word_1_303' title='bbox 901 3623 1012 3681; x_wconf 90' lang='lat' dir='ltr'>notum</span> <span class='ocrx_word' id='word_1_304' title='bbox 1037 3615 1134 3678; x_wconf 89' lang='lat' dir='ltr'>etiam</span> <span class='ocrx_word' id='word_1_305' title='bbox 1157 3623 1215 3695; x_wconf 91' lang='lat' dir='ltr'>est,</span> <span class='ocrx_word' id='word_1_306' title='bbox 1239 3614 1325 3702; x_wconf 94' lang='lat' dir='ltr'>quod</span> <span class='ocrx_word' id='word_1_307' title='bbox 1338 3615 1413 3681; x_wconf 90' lang='lat' dir='ltr'>d0··</span> 
     </span>
     <span class='ocr_line' id='line_1_34' title="bbox 100 3716 1398 3789; baseline 0.002 -4"><span class='ocrx_word' id='word_1_308' title='bbox 100 3720 213 3785; x_wconf 87' lang='lat' dir='ltr'>minus</span> <span class='ocrx_word' id='word_1_309' title='bbox 234 3718 312 3786; x_wconf 88' lang='lat' dir='ltr'>Lew</span> <span class='ocrx_word' id='word_1_310' title='bbox 333 3737 407 3787; x_wconf 87' lang='lat' dir='ltr'>eum</span> <span class='ocrx_word' id='word_1_311' title='bbox 446 3718 599 3787; x_wconf 88' lang='lat' dir='ltr'>omnibus</span> <span class='ocrx_word' id='word_1_312' title='bbox 632 3722 699 3786; x_wconf 90' lang='lat' dir='ltr'>suis</span> <span class='ocrx_word' id='word_1_313' title='bbox 734 3716 985 3787; x_wconf 84' lang='lat' dir='ltr'>adhaerentibus</span> <span class='ocrx_word' id='word_1_314' title='bbox 1016 3718 1122 3784; x_wconf 89' lang='lat' dir='ltr'>nullos</span> <span class='ocrx_word' id='word_1_315' title='bbox 1155 3728 1333 3785; x_wconf 85' lang='lat' dir='ltr'>conventus</span> <span class='ocrx_word' id='word_1_316' title='bbox 1355 3721 1398 3789; x_wconf 81' lang='lat' dir='ltr'>ad</span> 
     </span>
     <span class='ocr_line' id='line_1_35' title="bbox 100 3821 1412 3913; baseline 0 -24"><span class='ocrx_word' id='word_1_317' title='bbox 100 3824 188 3890; x_wconf 86' lang='lat' dir='ltr'>haec</span> <span class='ocrx_word' id='word_1_318' title='bbox 209 3824 338 3910; x_wconf 84' lang='lat' dir='ltr'>agenda</span> <span class='ocrx_word' id='word_1_319' title='bbox 359 3824 595 3907; x_wconf 78' lang='lat' dir='ltr'>celebraverit,</span> <span class='ocrx_word' id='word_1_320' title='bbox 630 3825 716 3913; x_wconf 89' lang='lat' dir='ltr'>quod</span> <span class='ocrx_word' id='word_1_321' title='bbox 738 3834 847 3891; x_wconf 87' lang='lat' dir='ltr'>tamen</span> <span class='ocrx_word' id='word_1_322' title='bbox 868 3823 979 3890; x_wconf 89' lang='lat' dir='ltr'>debite</span> <span class='ocrx_word' id='word_1_323' title='bbox 1000 3844 1103 3908; x_wconf 88' lang='lat' dir='ltr'>agere</span> <span class='ocrx_word' id='word_1_324' title='bbox 1120 3821 1319 3907; x_wconf 88' lang='lat' dir='ltr'>debuissent,</span> <span class='ocrx_word' id='word_1_325' title='bbox 1356 3826 1412 3890; x_wconf 84' lang='lat' dir='ltr'>si-¹</span> 
     </span>
     <span class='ocr_line' id='line_1_36' title="bbox 101 3928 1416 4018; baseline 0.001 -23"><span class='ocrx_word' id='word_1_326' title='bbox 101 3937 160 3995; x_wconf 89' lang='lat' dir='ltr'>out</span> <span class='ocrx_word' id='word_1_327' title='bbox 181 3929 251 4015; x_wconf 91' lang='lat' dir='ltr'>egit</span> <span class='ocrx_word' id='word_1_328' title='bbox 269 3952 345 4017; x_wconf 88' lang='lat' dir='ltr'>pars</span> <span class='ocrx_word' id='word_1_329' title='bbox 367 3928 432 3997; x_wconf 90' lang='lat' dir='ltr'>illis</span> <span class='ocrx_word' id='word_1_330' title='bbox 454 3931 626 4014; x_wconf 88' lang='lat' dir='ltr'>contraria,</span> <span class='ocrx_word' id='word_1_331' title='bbox 649 3952 767 4018; x_wconf 91' lang='lat' dir='ltr'>nempe</span> <span class='ocrx_word' id='word_1_332' title='bbox 790 3930 846 4017; x_wconf 87' lang='lat' dir='ltr'>qui</span> <span class='ocrx_word' id='word_1_333' title='bbox 872 3928 1000 3995; x_wconf 82' lang='lat' dir='ltr'>Oolinio</span> <span class='ocrx_word' id='word_1_334' title='bbox 1022 3935 1221 3994; x_wconf 88' lang='lat' dir='ltr'>revertentes</span> <span class='ocrx_word' id='word_1_335' title='bbox 1244 3929 1416 4016; x_wconf 71' lang='lat' dir='ltr'>procede-³</span> 
     </span>
     <span class='ocr_line' id='line_1_37' title="bbox 100 4031 1414 4123; baseline -0.002 -22"><span class='ocrx_word' id='word_1_336' title='bbox 100 4033 206 4116; x_wconf 83' lang='lat' dir='ltr'>bant3</span> <span class='ocrx_word' id='word_1_337' title='bbox 229 4034 294 4099; x_wconf 92' lang='lat' dir='ltr'>imo</span> <span class='ocrx_word' id='word_1_338' title='bbox 315 4032 364 4100; x_wconf 89' lang='lat' dir='ltr'>illi</span> <span class='ocrx_word' id='word_1_339' title='bbox 385 4056 493 4123; x_wconf 90' lang='lat' dir='ltr'>neque</span> <span class='ocrx_word' id='word_1_340' title='bbox 513 4033 670 4101; x_wconf 87' lang='lat' dir='ltr'>auxilium</span> <span class='ocrx_word' id='word_1_341' title='bbox 704 4033 865 4122; x_wconf 90' lang='lat' dir='ltr'>quoddam</span> <span class='ocrx_word' id='word_1_342' title='bbox 887 4031 1077 4100; x_wconf 89' lang='lat' dir='ltr'>tribuerunt.</span> <span class='ocrx_word' id='word_1_343' title='bbox 1108 4031 1190 4097; x_wconf 88' lang='lat' dir='ltr'>Nam</span> <span class='ocrx_word' id='word_1_344' title='bbox 1216 4032 1414 4119; x_wconf 74' lang='lat' dir='ltr'>Progenses1</span> 
     </span>
     <span class='ocr_line' id='line_1_38' title="bbox 103 4135 1435 4225; baseline 0.002 -23"><span class='ocrx_word' id='word_1_345' title='bbox 103 4135 291 4224; x_wconf 88' lang='lat' dir='ltr'>dequibus</span> <span class='ocrx_word' id='word_1_346' title='bbox 325 4137 447 4205; x_wconf 75' lang='lat' dir='ltr'>dichun</span> <span class='ocrx_word' id='word_1_347' title='bbox 469 4138 539 4220; x_wconf 81' lang='lat' dir='ltr'>fuit,</span> <span class='ocrx_word' id='word_1_348' title='bbox 574 4137 651 4204; x_wconf 85' lang='lat' dir='ltr'>licet</span> <span class='ocrx_word' id='word_1_349' title='bbox 682 4137 763 4203; x_wconf 85' lang='lat' dir='ltr'>alios</span> <span class='ocrx_word' id='word_1_350' title='bbox 793 4137 834 4202; x_wconf 87' lang='lat' dir='ltr'>ad</span> <span class='ocrx_word' id='word_1_351' title='bbox 864 4136 1104 4225; x_wconf 86' lang='lat' dir='ltr'>expeditionem</span> <span class='ocrx_word' id='word_1_352' title='bbox 1139 4137 1240 4201; x_wconf 89' lang='lat' dir='ltr'>secuti</span> <span class='ocrx_word' id='word_1_353' title='bbox 1268 4137 1398 4222; x_wconf 88' lang='lat' dir='ltr'>fuerint,</span> <span class='ocrx_word' id='word_1_354' title='bbox 1412 4140 1435 4185; x_wconf 79' lang='lat'>,‘</span> 
     </span>
     <span class='ocr_line' id='line_1_39' title="bbox 102 4239 1398 4329; baseline 0 -21"><span class='ocrx_word' id='word_1_355' title='bbox 102 4248 233 4309; x_wconf 72' lang='lat' dir='ltr'>tantm</span> <span class='ocrx_word' id='word_1_356' title='bbox 265 4251 374 4308; x_wconf 87' lang='lat' dir='ltr'>tamen</span> <span class='ocrx_word' id='word_1_357' title='bbox 408 4243 593 4326; x_wconf 86' lang='lat' dir='ltr'>effecerunt,</span> <span class='ocrx_word' id='word_1_358' title='bbox 631 4243 724 4329; x_wconf 89' lang='lat' dir='ltr'>quasi</span> <span class='ocrx_word' id='word_1_359' title='bbox 746 4239 832 4306; x_wconf 90' lang='lat' dir='ltr'>domi</span> <span class='ocrx_word' id='word_1_360' title='bbox 854 4241 1119 4328; x_wconf 79' lang='lat' dir='ltr'>permansissent,</span> <span class='ocrx_word' id='word_1_361' title='bbox 1156 4249 1293 4328; x_wconf 85' lang='lat' dir='ltr'>excepto</span> <span class='ocrx_word' id='word_1_362' title='bbox 1326 4241 1398 4327; x_wconf 89' lang='lat' dir='ltr'>hoc,</span> 
     </span>
     <span class='ocr_line' id='line_1_40' title="bbox 104 4343 1398 4436; baseline -0.002 -19"><span class='ocrx_word' id='word_1_363' title='bbox 104 4345 196 4436; x_wconf 80' lang='lat' dir='ltr'>quod</span> <span class='ocrx_word' id='word_1_364' title='bbox 217 4353 326 4412; x_wconf 88' lang='lat' dir='ltr'>tamen</span> <span class='ocrx_word' id='word_1_365' title='bbox 349 4345 509 4435; x_wconf 85' lang='lat' dir='ltr'>quaedam</span> <span class='ocrx_word' id='word_1_366' title='bbox 531 4345 573 4412; x_wconf 90' lang='lat' dir='ltr'>de</span> <span class='ocrx_word' id='word_1_367' title='bbox 594 4345 690 4413; x_wconf 89' lang='lat' dir='ltr'>bonis</span> <span class='ocrx_word' id='word_1_368' title='bbox 713 4346 779 4412; x_wconf 89' lang='lat' dir='ltr'>suis</span> <span class='ocrx_word' id='word_1_369' title='bbox 801 4347 837 4425; x_wconf 86' lang='lat' dir='ltr'>in</span> <span class='ocrx_word' id='word_1_370' title='bbox 858 4344 921 4411; x_wconf 91' lang='lat' dir='ltr'>hac</span> <span class='ocrx_word' id='word_1_371' title='bbox 941 4346 997 4412; x_wconf 86' lang='lat' dir='ltr'>via</span> <span class='ocrx_word' id='word_1_372' title='bbox 1010 4343 1199 4434; x_wconf 87' lang='lat' dir='ltr'>impendere</span> <span class='ocrx_word' id='word_1_373' title='bbox 1216 4344 1398 4432; x_wconf 87' lang='lat' dir='ltr'>debuerint,</span> 
     </span>
     <span class='ocr_line' id='line_1_41' title="bbox 101 4450 736 4519; baseline -0.003 -1"><span class='ocrx_word' id='word_1_374' title='bbox 101 4451 161 4519; x_wconf 88' lang='lat' dir='ltr'>sed</span> <span class='ocrx_word' id='word_1_375' title='bbox 184 4451 348 4519; x_wconf 88' lang='lat' dir='ltr'>incassum</span> <span class='ocrx_word' id='word_1_376' title='bbox 371 4451 442 4516; x_wconf 91' lang='lat' dir='ltr'>sine</span> <span class='ocrx_word' id='word_1_377' title='bbox 464 4450 551 4517; x_wconf 89' lang='lat' dir='ltr'>omni</span> <span class='ocrx_word' id='word_1_378' title='bbox 572 4450 736 4518; x_wconf 55' lang='lat' dir='ltr'>utilitate«</span> 
     </span>
     <span class='ocr_line' id='line_1_42' title="bbox 121 4552 1399 4644; baseline -0.002 -23"><span class='ocrx_word' id='word_1_379' title='bbox 121 4610 126 4635; x_wconf 82' lang='grc'><em>,</em></span> <span class='ocrx_word' id='word_1_380' title='bbox 189 4555 235 4622; x_wconf 83' lang='lat' dir='ltr'>Et</span> <span class='ocrx_word' id='word_1_381' title='bbox 254 4557 338 4624; x_wconf 86' lang='lat' dir='ltr'>mira</span> <span class='ocrx_word' id='word_1_382' title='bbox 358 4578 412 4622; x_wconf 89' lang='lat' dir='ltr'>res</span> <span class='ocrx_word' id='word_1_383' title='bbox 435 4565 496 4632; x_wconf 87' lang='lat' dir='ltr'>est,</span> <span class='ocrx_word' id='word_1_384' title='bbox 518 4556 605 4644; x_wconf 90' lang='lat' dir='ltr'>quod</span> <span class='ocrx_word' id='word_1_385' title='bbox 627 4555 872 4642; x_wconf 83' lang='lat' dir='ltr'>intraquatuor</span> <span class='ocrx_word' id='word_1_386' title='bbox 894 4556 1092 4643; x_wconf 89' lang='lat' dir='ltr'>septimanas</span> <span class='ocrx_word' id='word_1_387' title='bbox 1116 4562 1148 4618; x_wconf 90' lang='lat' dir='ltr'>et</span> <span class='ocrx_word' id='word_1_388' title='bbox 1169 4563 1306 4641; x_wconf 90' lang='lat' dir='ltr'>quatuor</span> <span class='ocrx_word' id='word_1_389' title='bbox 1329 4552 1399 4635; x_wconf 83' lang='lat' dir='ltr'>dies</span> 
     </span>
     <span class='ocr_line' id='line_1_43' title="bbox 103 4657 1398 4749; baseline -0.007 -17"><span class='ocrx_word' id='word_1_390' title='bbox 103 4670 179 4733; x_wconf 75' lang='lat' dir='ltr'>ante</span> <span class='ocrx_word' id='word_1_391' title='bbox 201 4661 372 4749; x_wconf 83' lang='lat' dir='ltr'>praelium,</span> <span class='ocrx_word' id='word_1_392' title='bbox 394 4682 512 4747; x_wconf 90' lang='lat' dir='ltr'>nempe</span> <span class='ocrx_word' id='word_1_393' title='bbox 533 4682 553 4725; x_wconf 92' lang='lat' dir='ltr'>a</span> <span class='ocrx_word' id='word_1_394' title='bbox 576 4661 629 4728; x_wconf 88' lang='lat' dir='ltr'>die</span> <span class='ocrx_word' id='word_1_395' title='bbox 651 4658 818 4743; x_wconf 86' lang='lat' dir='ltr'>Sabbathi,</span> <span class='ocrx_word' id='word_1_396' title='bbox 842 4668 956 4747; x_wconf 87' lang='lat' dir='ltr'>quarta</span> <span class='ocrx_word' id='word_1_397' title='bbox 978 4659 1030 4724; x_wconf 90' lang='lat' dir='ltr'>die</span> <span class='ocrx_word' id='word_1_398' title='bbox 1052 4668 1127 4746; x_wconf 92' lang='lat' dir='ltr'>post</span> <span class='ocrx_word' id='word_1_399' title='bbox 1151 4657 1184 4723; x_wconf 87' lang='lat' dir='ltr'>S.</span> <span class='ocrx_word' id='word_1_400' title='bbox 1206 4657 1322 4725; x_wconf 89' lang='lat' dir='ltr'>Jacobi</span> <span class='ocrx_word' id='word_1_401' title='bbox 1336 4659 1398 4724; x_wconf 88' lang='lat' dir='ltr'>fes·</span> 
     </span>
    </p>
   </div>
   <div class='ocr_carea' id='block_1_3' title="bbox 103 4756 1399 4938">
    <p class='ocr_par' dir='ltr' id='par_1_3' title="bbox 103 4756 1399 4938">
     <span class='ocr_line' id='line_1_44' title="bbox 103 4756 1399 4907; baseline -0.005 -72"><span class='ocrx_word' id='word_1_402' title='bbox 103 4777 183 4853; x_wconf 90' lang='lat' dir='ltr'>tum,</span> <span class='ocrx_word' id='word_1_403' title='bbox 206 4787 312 4856; x_wconf 87' lang='lat' dir='ltr'>usque</span> <span class='ocrx_word' id='word_1_404' title='bbox 333 4765 375 4866; x_wconf 88' lang='grc'>((1</span> <span class='ocrx_word' id='word_1_405' title='bbox 397 4756 485 4843; x_wconf 84' lang='lat' dir='ltr'>diem</span> <span class='ocrx_word' id='word_1_406' title='bbox 507 4763 543 4832; x_wconf 83' lang='lat' dir='ltr'>S.·</span> <span class='ocrx_word' id='word_1_407' title='bbox 561 4765 717 4835; x_wconf 77' lang='lat' dir='ltr'>iohannis</span> <span class='ocrx_word' id='word_1_408' title='bbox 738 4763 939 4832; x_wconf 89' lang='lat' dir='ltr'>numerando</span> <span class='ocrx_word' id='word_1_409' title='bbox 961 4786 1027 4831; x_wconf 91' lang='lat' dir='ltr'>non</span> <span class='ocrx_word' id='word_1_410' title='bbox 1048 4764 1212 4907; x_wconf 72' lang='lat' dir='ltr'>potueript</span> <span class='ocrx_word' id='word_1_411' title='bbox 1233 4762 1399 4850; x_wconf 87' lang='lat' dir='ltr'>adregem</span> 
     </span>
     <span class='ocr_line' id='line_1_45' title="bbox 512 4869 1171 4938; baseline 0 0"><span class='ocrx_word' id='word_1_412' title='bbox 512 4886 515 4891; x_wconf 88' lang='lat'>&#39;</span> <span class='ocrx_word' id='word_1_413' title='bbox 1129 4869 1171 4938; x_wconf 85' lang='lat'>13</span> 
     </span>
    </p>
   </div>
   <div class='ocr_carea' id='block_1_4' title="bbox 0 0 1480 5086">
    <p class='ocr_par' dir='ltr' id='par_1_4' title="bbox 0 0 1480 5086">
     <span class='ocr_line' id='line_1_46' title="bbox 0 0 1480 5086; baseline 0 0"><span class='ocrx_word' id='word_1_414' title='bbox 0 0 1480 5086; x_wconf 95' lang='lat' dir='ltr'> </span> 
     </span>
    </p>
   </div>
  </div>
 </body>
</html>
