2946 5086
1320 186 1388 262 tii

101 351 160 419 his
184 355 387 436 conservent,
411 356 445 418 et
465 368 544 438 erga
564 368 630 430 eos,
652 355 689 416 nt
709 350 861 420 concives
883 373 960 420 suos
982 351 1183 442 charitative,
1205 353 1387 431 amicabili·

95 464 151 524 ter
187 468 219 523 et
239 455 389 544 benigne,
411 464 447 522 ut
468 454 558 539 alias,
589 477 623 521 se
656 463 771 542 gerant
815 465 874 525 etc.
916 458 1034 525 Postea
1066 461 1164 527 etiarn
1185 462 1385 534 administra-

96 569 199 647 tores,
220 563 375 648 magister
396 560 590 626 Laurentius
612 581 655 625 ex
676 559 876 645 Bethlehem,
900 563 1051 630 sacerdos
1073 564 1287 634 Wenceslaus
1312 592 1386 638 cum

96 664 293 755 quibusdam
328 665 510 754 praecipuis
546 662 696 752 parochie
718 665 788 732 loco
824 667 922 734 totius
944 669 1023 736 oleri
1044 669 1188 759 publice
1218 678 1389 744 contestati

97 776 176 835 sunt
197 790 305 835 coram
326 768 475 835 omnibus
496 789 586 834 more
607 768 752 855 honesto,
774 769 838 837 hoc
860 793 977 839 sensu:
1010 774 1106 863 quod,
1138 775 1215 842 dum
1247 779 1282 844 in
1312 801 1387 847 con·

97 875 229 941 sistorio
251 896 361 940 coram
382 873 447 940 illis
469 873 733 962 comparuissent,
755 876 878 945 nullum
900 878 1032 948 devium
1060 891 1116 950 aut
1149 883 1226 951 fidei
1262 882 1387 952 christi·

98 1001 185 1046 anas
207 980 401 1045 contrarium
422 979 457 1044 in
479 976 546 1044 illis
568 979 757 1065 repererint,
770 973 839 1048 ⁴sed
860 985 948 1070 qnod
968 988 1039 1054 veri
1061 997 1094 1054 et
1114 986 1192 1055 boni
1219 986 1388 1055 christiani

98 1086 176 1169 sint,
208 1084 243 1149 in
275 1083 363 1149 nullo
397 1105 432 1148 se
462 1091 650 1170 separantes
671 1104 691 1149 a
713 1089 941 1156 communitate
962 1090 1119 1158 ecclesiae
1135 1093 1233 1180 juxta
1268 1090 1388 1160 duode-

99 1189 165 1255 cim
197 1187 349 1254 articulos
381 1187 458 1253 fidci
480 1187 685 1272 christianae,
715 1211 821 1277 neque
853 1190 895 1258 ab
928 1193 1001 1260 aliis
1035 1194 1100 1283 legi
1122 1195 1260 1264 divinae
1289 1197 1387 1264 rebus

100 1291 390 1382 appertinentibus,
421 1292 613 1379 praesertim
645 1312 728 1380 quae
764 1306 963 1363 concernunt
984 1310 1219 1368 sacramentum
1242 1303 1388 1390 corporis

101 1406 136 1465 et
158 1397 324 1484 sanguinis
348 1393 479 1481 Christi,
502 1395 710 1463 adhortantes
733 1419 775 1464 ex
807 1409 900 1487 parte
931 1411 1076 1491 utraque,
1112 1414 1148 1472 ut
1183 1406 1387 1474 adinvicem

102 1501 304 1587 charitatem,
325 1500 479 1585 favorem,
502 1522 618 1589 pacem
639 1510 671 1568 et
702 1505 909 1572 concordiam
931 1518 1070 1593 servent,
1104 1518 1139 1576 ut
1160 1510 1388 1599 adproximet

100 1619 194 1677 suos}
216 1617 248 1676 et
268 1607 432 1690 concives,
469 1607 604 1673 comiter
625 1615 658 1674 et
678 1608 892 1676 amicabiliter
913 1633 949 1678 se
971 1611 1156 1692 exhibeant,
1187 1616 1269 1681 sicut
1290 1624 1386 1683 antea

103 1713 226 1782 factum
247 1711 317 1791 fuit,
338 1732 404 1777 non
424 1712 600 1778 retinentes
622 1712 657 1779 in
679 1734 715 1779 se
736 1713 899 1781 occultum
921 1717 1083 1784 vindictae
1112 1718 1318 1785 desiderium.

187 1817 253 1884 Hic
284 1818 400 1883 iterum
433 1817 628 1903 agnoscitur,
660 1816 755 1905 quod,
788 1817 845 1884 ubi
878 1827 973 1887 antea
994 1824 1088 1889 annis
1110 1823 1382 1913 praecedentibus

100 1922 209 1992 omnis
245 1921 347 1988 ferme
368 1921 473 1988 clerus
507 1919 629 2008 ubique
656 1942 716 2009 per
748 1922 903 1990 ecclesias
938 1934 971 1991 et
1002 1924 1124 1993 clerum
1156 1932 1253 1996 etiam
1286 1931 1389 1997 secuti

97 2027 177 2096 laici
213 2027 284 2093 sine
312 2027 503 2115 exceptione
524 2023 598 2091 illos
620 2025 866 2113 promulgarunt
895 2049 968 2095 esse
990 2029 1187 2118 aberrantes,
1210 2043 1387 2122 suspectos,

96 2131 300 2217 Pickhartas,
321 2131 512 2215 haereticos,
533 2130 567 2196 hi
590 2151 712 2215 omnes,
734 2132 925 2218 praesertim
936 2132 1056 2218 clerici,
1078 2139 1280 2224 praegressis
1301 2137 1389 2204 falsi·

95 2237 218 2326 loquiis
251 2237 318 2302 suis
355 2234 418 2301 sibi
450 2256 506 2301 ore
540 2235 672 2322 proprio
705 2233 970 2315 contradixerint,
1003 2238 1199 2307 affirmantes
1232 2242 1313 2308 hacc
1346 2243 1389 2310 ad

96 2340 322 2432 quaestionem
354 2340 650 2406 administratorum
672 2337 767 2405 dictis
801 2341 868 2405 suis
902 2341 1101 2431 subscriptis,
1125 2352 1159 2411 et
1189 2344 1391 2413 affirmarunt

95 2447 140 2515 de
173 2445 255 2531 illis,
284 2445 371 2534 quod
403 2444 446 2511 ad
468 2443 550 2510 haec
572 2442 712 2509 dicenda
733 2444 876 2510 omnium
912 2447 954 2512 sit
975 2446 1133 2516 voluntas.
1186 2449 1310 2516 Exules
1340 2449 1389 2517 illi

95 2553 197 2620 etiam
219 2552 253 2618 in
276 2550 338 2617 hac
360 2549 587 2617 communitate
608 2549 822 2634 insinuarunt,
845 2548 931 2638 quod
965 2571 1032 2617 non
1070 2555 1173 2619 solum
1204 2576 1263 2642 pro
1300 2563 1387 2640 tuno,

96 2655 160 2724 sed
183 2657 279 2723 etiam
301 2663 398 2721 antea
418 2655 506 2719 omni
528 2661 673 2742 tempore
694 2655 729 2720 in
750 2654 816 2720 fide
848 2658 1139 2744 perseveraverint,
1156 2666 1196 2724 et
1224 2680 1390 2749 nunqnam

95 2769 134 2833 in
157 2764 219 2831 hac
247 2760 406 2827 immutati
427 2760 556 2843 fuerint,
587 2760 671 2825 sicut
704 2759 745 2825 de
766 2759 831 2825 illis
867 2767 1019 2826 testatum
1039 2759 1109 2827 fuit.
1152 2762 1245 2829 Haec
1278 2785 1389 2831 omnes

94 2878 191 2961 grate
213 2867 380 2934 audientes
404 2875 626 2954 susceperunt,
649 2887 711 2931 nec
732 2863 817 2931 ullus
840 2865 938 2932 alicui
960 2865 1165 2933 contradixit

180 2973 273 3039 Haec
306 2972 479 3038 transactio
507 2971 553 3035 ita
579 2973 650 3058 jam
682 2969 826 3059 perfecta
848 2979 881 3037 et
910 2970 1063 3038 conclusa
1098 2970 1171 3052 fuit,
1205 2971 1263 3039 sed
1291 2975 1390 3063 juxta

86 3077 251 3172 judicium
274 3077 439 3144 hominum
461 3075 651 3166 imperfecta
673 3085 705 3142 et
726 3075 923 3144 inconclusa.
955 3075 995 3143 In
1016 3076 1189 3144 multorum
1212 3079 1299 3144 enim
1320 3101 1389 3146 cor·

93 3183 193 3251 dibus
215 3191 372 3272 exparte
394 3189 530 3270 utraque
551 3180 659 3247 fervor
681 3181 812 3269 quidam
835 3181 978 3249 occultus
1001 3181 1075 3248 oum
1096 3182 1204 3249 cordis
1237 3186 1388 3252 amaritu·

96 3289 175 3356 dine
198 3296 229 3355 et
250 3288 377 3371 duritie,
402 3289 495 3376 quasi
516 3286 709 3353 fermentum
731 3286 766 3351 in
787 3285 886 3352 fundo
908 3293 1115 3370 remanserat,
1139 3285 1289 3355 exulibus
1318 3290 1391 3378 qui·

96 3395 174 3462 dem
208 3394 249 3462 ob
270 3416 449 3461 moerorem
465 3394 667 3477 immensum,
690 3393 767 3481 quia
787 3413 863 3481 pars
885 3392 1023 3460 adversa
1044 3393 1091 3459 eis
1112 3392 1231 3480 injuste
1269 3394 1391 3461 violen-

94 3503 175 3568 tiam
206 3521 357 3587 magnam
395 3507 427 3563 et
447 3498 543 3566 valde
564 3505 707 3563 atrocem
728 3496 799 3562 sine
821 3497 907 3563 omni
928 3518 1102 3586 praegreso
1124 3495 1241 3564 delicto
1263 3497 1391 3586 intulit;

96 3606 200 3673 altera
209 3626 287 3672 vero
299 3627 373 3693 pars
385 3602 522 3671 adversa
537 3625 665 3691 nempe,
677 3622 758 3690 quos
772 3622 882 3667 eorum
902 3603 1048 3688 magistri
1056 3609 1088 3668 et
1099 3603 1340 3669 concionatores
1356 3605 1392 3671 in

93 3708 304 3778 concionibus
315 3710 380 3776 suis
391 3717 502 3775 contra
511 3707 584 3775 illos
594 3704 706 3774 exules
718 3707 918 3773 concitarunt
931 3713 964 3771 et
983 3707 1018 3773 in
1029 3706 1180 3776 cordibus
1187 3732 1296 3778 eorum
1307 3711 1390 3799 odia,

93 3815 230 3882 dissidia
252 3824 284 3881 et
304 3815 443 3881 malitias
464 3816 572 3881 varias
583 3813 804 3881 instrumentis
827 3809 994 3877 diabolicis
1015 3812 1247 3901 implantarunt
1268 3824 1300 3883 et
1313 3815 1391 3883 irra-

96 3921 254 4005 dicarunt,
286 3919 372 4008 quod
394 3918 515 3986 malum
535 3920 584 3986 illi
604 3917 799 3986 imbibentes
822 3916 964 3983 dolorem
986 3915 1093 3983 cordis
1116 3930 1294 4006 senserunt,
1307 3922 1393 4010 quod

95 4027 215 4107 omnia,
239 4048 321 4115 quac
344 4026 525 4110 volucrunt,
547 4025 704 4116 perficere
726 4046 792 4090 non
813 4018 984 4113 potuerint,
1009 4018 1125 4108 quibus
1147 4025 1298 4092 omnibus
1319 4049 1392 4093 ma·

93 4131 134 4198 lis
174 4130 462 4220 perseverantibus
484 4152 559 4219 spes
580 4130 670 4198 nulla
691 4128 821 4206 affulsit,
843 4135 879 4193 ut
901 4148 943 4192 ex
964 4133 1099 4214 utraque
1120 4137 1213 4215 parte
1234 4130 1315 4198 haec
1344 4133 1392 4198 in·

94 4247 187 4305 terna
210 4234 316 4301 cordis
338 4235 517 4301 amaritudo
540 4234 676 4300 durante
697 4235 766 4301 vita
788 4253 897 4299 eorum
920 4236 1035 4314 cesset,
1059 4228 1163 4297 solum
1186 4233 1272 4301 enim
1302 4244 1392 4303 tran·

93 4340 238 4430 quillitas
261 4349 293 4406 et
314 4340 456 4407 amicitia
479 4347 615 4407 externa
635 4341 720 4407 inter
741 4339 815 4406 illos
845 4333 1031 4427 apparebat.

180 4445 277 4528 Quod
299 4469 376 4512 vero
400 4446 481 4513 alios
504 4444 618 4514 exules
650 4446 825 4526 concernit,
847 4444 958 4533 quiin
981 4441 1032 4507 his
1054 4439 1198 4507 dissidiis
1221 4463 1239 4506 e
1262 4443 1393 4513 civitate

94 4553 188 4620 exire
234 4559 266 4617 et
299 4550 378 4617 alibi
402 4551 567 4618 domicilia
589 4573 647 4617 sua
679 4571 843 4617 assumere
866 4548 1055 4634 debuerunt,
1079 4556 1112 4615 et
1132 4546 1321 4615 nominatim
1344 4570 1392 4615 se·

91 4664 230 4746 quantes
254 4665 341 4723 sunt:
363 4655 502 4723 Mathias
524 4655 683 4725 Kardinal
704 4655 812 4744 pellic,
848 4655 993 4723 «Ioannes
1025 4652 1197 4743 Potmtbyl
1223 4651 1390 4741 pannifex,

93 4762 238 4833 loannes
275 4760 396 4848 Bonui,
432 4770 466 4830 ct
486 4761 639 4851 loannes,
677 4763 733 4852 qui
754 4784 842 4830 nunc
863 4760 1037 4831 Brundusii
1061 4758 1167 4829 scriba
1204 4764 1262 4845 est,
1285 4757 1394 4826 etalii
