2946 5086
1312 163 1354 235 ar

72 337 242 402 nationem
264 336 448 412 finiverunt,
472 335 558 422 quod
581 357 624 400 ex
644 336 862 428 amplissimis*
875 335 984 403 verbis
1005 336 1041 400 in
1060 326 1190 402 sensum
1209 340 1354 406 succinc-
1433 334 1437 342 i

72 463 132 505 mm
165 440 221 506 hic
254 439 421 504 redactum
455 449 521 524 est;
556 439 642 524 quod
664 463 781 528 nempe
803 440 884 506 haee
907 443 1023 522 omnia,
1059 426 1141 527 quae
1174 452 1286 508 eontra
1319 465 1355 509 se

72 544 190 631 prolata
214 553 299 626 sunt,
320 553 451 628 negent,
474 545 660 632 ⁸reprobent
682 557 714 610 et
736 545 864 634 publice
885 548 1044 633 rejiciant,
1081 548 1236 631 dicentes,
1269 547 1356 634 quod

72 649 147 714 haec
168 649 234 713 illis
258 671 423 733 nunquam
446 652 656 733 occurrerint,
695 649 735 714 de
759 651 821 715 his.
836 647 904 716 'nec
927 654 1078 737 cogitent,
1115 675 1177 717 nec
1214 654 1357 737 cogitare

73 753 179 835 velint,
218 763 255 817 ut
277 753 436 840 quaedam
460 752 665 818 Christianae
695 754 772 820 fidei
795 758 955 821 contraria
978 755 1157 835 crederent,
1191 763 1379 823 servarent·

77 871 125 921 aut
144 857 366 940 defenderent,
388 879 450 921 nec
472 858 560 942 quod
585 880 721 923 erronea
743 870 798 922 aut
809 859 1001 947 blasphema
1012 863 1148 947 egerint,
1170 861 1269 926 locuti
1283 863 1357 943 sint,
1416 920 1421 926 .

79 983 175 1048 neque
197 961 256 1026 ulli
278 962 359 1030 haee
381 984 479 1047 agere
503 972 534 1026 et
556 963 644 1049 loqui
658 963 857 1047 admiserint,
881 975 913 1029 et
928 966 985 1030 tali
1000 966 1095 1030 modo
1113 988 1147 1029 se
1164 968 1260 1030 etiam
1284 964 1375 1030 sub·¹

81 1050 197 1130 mittere
219 1068 412 1153 professioni
434 1069 510 1133 fidei
534 1091 643 1133 coram
665 1072 817 1134 universo
852 1069 971 1157 populo
1003 1069 1232 1157 deponendae3
1267 1069 1355 1156 quod

86 1172 157 1256 erga
171 1195 282 1256 regem
304 1173 472 1239 dominum
495 1196 587 1238 suum
611 1173 844 1261 subjectionem
868 1196 997 1261 semper
1010 1173 1139 1239 fidelem
1156 1187 1188 1238 et
1200 1175 1358 1238 sinceram

89 1278 281 1360 servaverint,
315 1301 435 1362 augere
458 1281 554 1343 etiam
576 1277 762 1364 adjuverint
781 1279 912 1370 bonum
945 1291 977 1342 et
1007 1279 1085 1349 utile
1121 1279 1205 1344 Suae
1235 1279 1359 1362 Regiae

90 1379 261 1469 llajestatis,
286 1389 524 1451 communitatis
541 1389 680 1451 civitatis
696 1385 883 1472 Pragensis'
896 1393 928 1449 et
949 1385 1092 1449 universi
1116 1393 1217 1447 status
1241 1383 1357 1466 civilis,

93 1485 226 1575 adeoque,
257 1489 344 1577 quod
367 1490 407 1554 de
429 1490 528 1555 nullis
550 1491 688 1573 insidiis,
719 1513 779 1555 nec
801 1490 874 1554 aliis
897 1489 995 1555 rebus
1017 1489 1112 1552 malis
1134 1510 1275 1573 unquam
1297 1488 1359 1551 sci·
1399 1513 1402 1516 ’

94 1592 187 1675 verint,
210 1594 347 1658 necillis
370 1618 512 1681 unquam
528 1596 687 1680 quaedam
711 1595 829 1659 similia
850 1597 1007 1682 imputata
1025 1597 1113 1682 juste
1135 1593 1275 1677 fuerint3
1298 1591 1369 1656 boc,

95 1693 232 1762 submisse
254 1709 417 1783 rogantes,
452 1722 494 1764 ne
516 1700 655 1786 amplius
678 1698 798 1764 talibus
825 1698 916 1762 falsis
948 1697 1230 1763 informationibus
1261 1696 1360 1761 fidem

95 1796 434 1879 habeantrevoeantes
458 1827 492 1868 se
515 1803 556 1868 ad
578 1803 744 1890 publicam
757 1813 790 1867 et
794 1805 918 1890 justam
936 1805 1021 1891 juris
1034 1803 1233 1869 audientiam
1249 1823 1369 1867 eoram.
1459 1840 1464 1845 -

96 1924 161 1989 rege,
182 1916 236 1971 aut
259 1908 411 1972 omnibus
433 1908 689 1995 regni-judiciis,
713 1907 799 1995 quod
820 1910 1042 1973 innocentiam
1066 1930 1157 1972 suam
1181 1909 1278 1995 juxta
1303 1928 1359 1993 ap·

96 2010 296 2091 probationem
320 2013 494 2100 cujuslibet
516 2012 655 2079 hominis
677 2012 756 2078 boni
778 2006 998 2078 demonstrare
1020 2012 1131 2078 velint
1165 2012 1268 2078 Simul
1278 2012 1361 2097 Regi

97 2110 283 2182 damnosus
307 2140 370 2204 quo
416 2129 524 2204 grates
548 2118 701 2201 referant,
744 2118 831 2203 quod
854 2119 982 2183 illorum
1015 2140 1129 2206 preces
1152 2116 1307 2182 exaudire
1329 2124 1362 2182 et

97 2222 198 2307 tempus
221 2246 260 2286 ac
282 2223 356 2287 locu
412 2223 698 2307 demonstrationis
722 2247 798 2290 suae
818 2224 1024 2288 innocentiae
1047 2224 1094 2287 eis
1107 2223 1275 2307 assignare
1291 2219 1360 2305 dig·
1451 2287 1454 2292 ,

97 2333 168 2390 uatus
190 2329 240 2393 sit.
264 2329 409 2415 Prinorpi
434 2331 531 2393 etiam
554 2326 677 2414 gratias
690 2337 844 2415 egerunt„
862 2326 947 2413 quod
963 2329 1104 2412 gratiose
1115 2325 1188 2391 illos
1205 2324 1361 2391 exaudire

97 2424 223 2514 dignatus
247 2433 356 2498 fuerit.
378 2432 501 2498 Ultimo
526 2444 661 2519 egerunt
684 2435 803 2520 grades
828 2441 1054 2497 montanorum
1077 2440 1108 2495 et
1129 2430 1265 2496 aliarum
1283 2431 1361 2497 civi·

96 2537 175 2601 tatum
196 2539 367 2624 ablegatis,
403 2537 489 2626 quod
510 2539 552 2604 ad
576 2538 674 2604 talem
708 2538 906 2603 audientiam
941 2537 1161 2618 convenerint,
1198 2545 1361 2621 rogantes,

97 2643 168 2706 utin
188 2646 342 2710 universo
365 2666 467 2729 regno
489 2653 589 2708 testes
614 2643 742 2709 illorum
764 2644 970 2708 innocentiae
994 2662 1066 2705 esse
1088 2639 1199 2724 velint,
1223 2649 1255 2703 et
1276 2639 1364 2726 quod

95 2758 139 2823 pro
158 2738 350 2838 supradietis
373 2749 521 2815 omnibus
556 2749 642 2836 (Deo
664 2749 808 2837 volente)
843 2749 927 2815 laete
945 2758 1084 2817 ‚mortem
1109 2746 1217 2813 subire
1240 2744 1350 2813 velint

572 2991 575 3000 ·
611 2956 757 3023 CAPUT
779 2960 830 3026 36.

95 3056 141 3122 Ubi
160 3075 287 3139 notatur,
312 3070 391 3144 quod
415 3069 565 3145 quaelibet
586 3086 656 3144 pars
679 3070 817 3143 adversa,
852 3068 1001 3127 actionem
1035 3087 1088 3127 sau
1122 3085 1244 3126 eausam
1276 3083 1362 3125 suam

444 3172 642 3248 conscriptam
663 3174 792 3251 principi
813 3174 992 3250 porrexerit.

161 3356 335 3445 Postquam
358 3358 457 3443 igitur
480 3382 499 3423 a
520 3368 612 3446 parte
634 3368 769 3444 utraque
792 3359 893 3423 multa
913 3357 1040 3447 prolata
1058 3358 1205 3431 fuissent,
1227 3354 1359 3419 manda·
1453 3374 1462 3384 ‘

94 3456 129 3520 tit
146 3463 307 3548 princeps,
342 3472 377 3526 ut
399 3486 474 3548 pars
499 3463 662 3550 quaelibet
685 3465 891 3551 singulariter
921 3473 952 3528 et
982 3463 1116 3526 seorsim
1146 3482 1235 3524 suam
1264 3458 1362 3524 infor·

94 3568 249 3632 nationem
272 3575 304 3632 et
330 3567 496 3653 querelam
519 3561 713 3651 conscribat,
748 3578 782 3633 se
806 3569 885 3633 haec
908 3566 994 3634 velle
1017 3567 1088 3651 regi
1112 3565 1286 3652 porrigere.
1309 3561 1364 3627 Ad

95 3663 158 3734 haee
179 3673 371 3758 Pragenses,
402 3673 436 3735 in
459 3672 545 3736 hunc
569 3695 710 3756 sensum,
745 3685 899 3761 utsupra
924 3673 1079 3758 scriptum
1113 3680 1172 3751 est,
1206 3668 1363 3754 scriptum

95 3771 181 3839 tidem
204 3777 465 3862 extradiderunt3
487 3779 684 3842 incarcerati
706 3782 828 3866 pariter
851 3801 910 3844 sua
933 3779 1141 3864 scripserunt,
1166 3796 1204 3838 ac
1223 3770 1365 3860 principi

96 3893 124 3939 ac
143 3877 307 3947 civitatum
331 3881 489 3967 ablegatis
512 3893 727 3968 porrexerunt
748 3885 798 3948 his
821 3883 949 3963 verbis:

162 3985 374 4051 Serenissime
396 3990 559 4075 princeps,
595 3991 716 4053 domini
739 3993 892 4073 montani,
918 3998 950 4053 et
970 3983 1105 4050 aliarum
1130 3984 1294 4048 civitatum
1309 3980 1364 4046 ab·

95 4080 182 4172 legati.
218 4091 394 4177 Postquam
418 4092 459 4156 ad
482 4094 679 4158 audientiam
703 4104 735 4157 et
757 4102 892 4157 nostrae*
911 4091 1116 4157 innocentiae
1139 4087 1364 4152 demonstrati·

94 4209 169 4259 onem
202 4196 338 4260 admissi
367 4197 549 4281 fuissemus,
586 4198 767 4262 libertatem
791 4207 898 4261 tamen
936 4206 968 4260 et
1000 4206 1126 4282 tempus
1161 4191 1365 4257 commodum

95 4290 195 4364 habere
217 4327 283 4368 nou
306 4306 477 4390 potuimus,
513 4307 596 4368 sicut
618 4326 693 4390 pars
728 4300 823 4366 nobis
857 4301 1005 4382 adversa,
1039 4309 1075 4364 ut
1107 4297 1300 4383 tempestive
1334 4305 1366 4362 et

95 4407 244 4472 commode
266 4409 514 4475 necessitatibus
537 4409 656 4472 nostris
680 4405 853 4499 providere
876 4425 1047 4493 possemus
1064 4402 1105 4467 ad
1119 4401 1364 4490 produeendum

92 4501 133 4585 jus
153 4522 307 4596 nostrum,
346 4536 385 4578 ac
407 4522 474 4576 tam
497 4512 648 4577 diuturna
679 4533 717 4575 ao
751 4530 888 4575 onerosa
918 4507 1173 4572 incarceratione
1196 4504 1368 4589 debilitati,

95 4616 176 4681 animi
199 4618 302 4704 quieti
325 4619 359 4681 in
381 4617 442 4682 hac
465 4617 544 4682 urbe
569 4638 640 4680 esse
663 4638 728 4681 nou
762 4615 924 4700 potuimus
948 4611 989 4676 ob
1012 4609 1129 4675 multas
1152 4609 1365 4676 adversitates

95 4727 117 4780 tt
135 4722 386 4813 inquietudines,
419 4745 524 4810 neque
547 4731 654 4788 tantos
677 4718 830 4787 articulos
854 4726 989 4807 aparte
1011 4715 1150 4784 adversa
1172 4722 1285 4781 eontra
1305 4735 1370 4780 nos

1139 4821 1158 4890 ἵ
