2946 5086
1316 181 1381 256 285

91 360 147 441 rit,
178 364 214 423 ut
247 359 318 446 ejus
346 357 507 446 Justitiam
539 354 755 440 administret,
788 353 1057 444 impedimentum
1084 363 1192 423 tamen
1222 347 1386 447 quoddam

91 463 202 529 adhuc
224 462 345 530 diutius
365 482 435 528 rem
455 461 670 551 prolongavit,
693 461 769 548 quia
783 459 951 549 hucusque
971 481 1037 527 non
1057 460 1119 528 fuit
1140 464 1171 529 ei
1191 463 1390 529 11111111--

91 570 174 634 tium
198 576 231 633 et
252 567 349 633 radix
370 586 450 634 vera
471 567 567 655 hujus
590 563 727 630 dissidii.
1353 658 1356 662 Ι

179 672 337 753 Quamvis
361 673 446 737 enim
468 671 615 736 notitiam
647 677 771 735 certam
807 676 840 733 et
861 667 1045 735 evidentem
1077 667 1120 735 de
1142 670 1193 736 bis
1225 670 1384 757 habuerit,

94 786 128 844 et
148 776 233 843 bene
255 778 434 863 agnoverit,
468 773 555 863 quod
584 774 705 862 injuria
738 794 856 859 magna
887 772 945 839 fiat
976 772 1137 858 exulibus,
1169 774 1245 863 quia
1275 784 1385 842 tamen

93 891 207 947 contra
228 881 310 947 haec
331 880 372 946 ab
395 881 536 946 inimicis
560 873 699 944 subinde
720 875 967 944 notabilioribus
998 874 1184 943 informatio
1205 879 1289 947 falsa
1311 900 1388 947 sae-

91 988 167 1073 pius
190 984 232 1050 ad
255 1008 329 1051 eum
350 985 492 1068 devenit,
516 981 799 1070 quodPragenses
822 980 1035 1048 solutionibus
1056 983 1184 1069 magnis
1201 994 1384 1070 causarunt,

94 1090 174 1155 hinc
196 1088 245 1155 illi
268 1087 379 1155 exules
402 1088 494 1175 quasi
516 1087 600 1152 inter
621 1084 738 1152 fluctus
760 1085 984 1155 versabantur.
1017 1084 1092 1153 Una
1122 1089 1208 1159 enim
1229 1090 1302 1155 vioe
1323 1113 1384 1157 rex

98 1216 178 1280 erga
201 1194 275 1260 illos
298 1216 332 1259 se
354 1191 515 1280 benignus
549 1190 698 1258 exhibuit
731 1198 763 1256 et
791 1189 932 1257 inbono
962 1193 1172 1276 assecuravit,
1205 1193 1407 1283 exindeque*

96 1322 173 1387 spes
196 1297 380 1384 effulgebat,
415 1296 501 1386 quod
521 1296 619 1385 paulo
640 1303 715 1385 post
747 1296 889 1381 gratiosa
920 1295 1062 1382 provisio
1096 1316 1205 1361 eorum
1238 1307 1388 1364 secutura
1430 1300 1431 1303 ’

98 1406 150 1471 sit.
195 1403 308 1469 Altera
329 1425 407 1468 vero
428 1404 543 1468 vicee
579 1401 740 1466 conuario
769 1421 829 1487 per
858 1398 1006 1465 homines
1039 1421 1209 1488 perversos
1243 1411 1277 1468 et
1309 1403 1387 1470 mali

95 1517 299 1596 promotores
321 1506 430 1572 omnia
450 1506 618 1571 immutata
638 1503 768 1569 fuerunt
800 1511 833 1569 et
853 1504 888 1569 in
909 1501 1046 1568 nihilum
1058 1525 1224 1589 conversa,
1247 1505 1386 1595 ideoque

93 1620 228 1701 propter
250 1610 347 1675 talem
376 1609 625 1675 inconstantiam
657 1608 775 1674 mentis
810 1609 920 1696 regiae
951 1607 1013 1673 hoc
1043 1606 1115 1674 fieri
1148 1609 1268 1688 debuit,
1301 1612 1387 1700 quod

97 1715 162 1780 hae
185 1713 365 1780 discordiae
386 1712 429 1779 ad
449 1710 548 1778 finem
568 1704 743 1801 pervenire
771 1728 837 1777 non
859 1705 1033 1799 potuerint,
1066 1711 1175 1780 donec*
1191 1717 1311 1782 veritas
1333 1718 1385 1782 iu·

91 1819 225 1907 juniam,
248 1817 420 1883 mendacia
432 1825 464 1883 et
484 1816 641 1882 falsitates
662 1816 807 1885 vicisset.
837 1814 982 1898 Quilibet
998 1818 1085 1882 enim
1106 1819 1250 1904 prudens
1271 1843 1403 1913 agnos-¹

95 1943 173 1990 cere
194 1923 307 2009 potuit,
329 1921 356 1986 si
378 1922 536 2010 imprimis
558 1921 716 1986 auxilium
739 1919 886 1986 divinum
908 1940 973 1985 non
1003 1924 1223 2009 succurrisset,
1256 1924 1388 1992 undem

94 2026 237 2112 diligens
274 2024 464 2093 allaboratio
508 2023 632 2090 domini
666 2023 802 2089 Joannis
834 2022 987 2090 Hlawsae
1009 2030 1239 2116 suprascripti,
1275 2028 1388 2098 ultimo

95 2132 195 2197 etiam
218 2131 346 2196 sincera
367 2139 400 2196 et
432 2127 583 2195 cordialis
617 2128 809 2216 compassio,
844 2136 876 2193 et
909 2129 1036 2193 sincera
1068 2134 1249 2198 constantia
1276 2143 1388 2202 contra

95 2235 196 2301 talem
216 2235 408 2322 injustitiam
429 2233 640 2299 illustrissimi
669 2231 792 2297 domini
814 2230 936 2298 domini
957 2234 1078 2301 Adami
1110 2235 1151 2301 de
1171 2235 1312 2321 Hradec,
1336 2261 1386 2304 su·

95 2339 205 2427 premi
227 2339 412 2404 cancellarii
434 2339 529 2424 regni
550 2335 736 2419 Bohemiae,
764 2335 851 2423 apud
872 2359 984 2424 regem
1006 2338 1228 2428 frequentibus
1261 2349 1293 2408 et
1314 2364 1388 2432 sup·

95 2441 237 2530 plicibus
259 2441 546 2509 intercessionibus
576 2463 642 2506 111
674 2440 917 2525 intervenisset,-
948 2443 1104 2509 simulac
1126 2443 1259 2511 iteratae
1281 2447 1387 2533 petiti·

97 2569 177 2613 ones
201 2548 270 2634 ejus
294 2546 417 2612 domini
438 2546 600 2628 Hlawsae,
635 2552 667 2610 et
689 2544 885 2633 praecipuae
918 2548 1051 2632 gratiae,
1085 2571 1165 2636 quas
1187 2549 1229 2615 ad
1251 2549 1389 2616 eundem

97 2652 249 2717 dominus
272 2651 485 2717 cancellarius
508 2648 652 2733 fovebat,
674 2669 741 2713 non
761 2646 909 2732 fuissent,
931 2649 1105 2716 difficulter
1126 2651 1161 2718 hi
1176 2674 1288 2719 omnes
1310 2676 1387 2721 exu-

98 2757 148 2823 les
171 2766 204 2821 et
225 2755 282 2822 alii
305 2778 437 2845 sperare
458 2757 649 2843 potuissent,
682 2761 719 2818 ut
740 2750 783 2816 ad
805 2751 890 2819 hanc
913 2757 1208 2843 compensationem
1241 2767 1274 2824 et
1294 2760 1386 2824 resti·

97 2862 255 2926 tutionem
277 2860 434 2927 bonorum
455 2861 657 2948 perveniant.
697 2855 758 2921 Ille
789 2857 876 2922 enim
898 2855 1047 2926 dominus
1069 2859 1186 2947 dignus
1217 2870 1266 2928 est
1287 2862 1384 2928 laude

98 2988 174 3031 cum
196 2963 391 3073 haeqedibus
415 2965 480 3029 suis
503 2965 538 3029 in
559 2963 667 3029 futura
688 2973 842 3048 tempora,
875 2972 1006 3050 propter
1028 2986 1118 3029 suam
1148 2966 1327 3034 ferventem
1356 2976 1389 3035 et

98 3076 302 3135 constantem
320 3070 482 3156 justitiam
504 3089 582 3153 erga
602 3090 764 3156 pauperes
786 3078 820 3134 et
840 3067 988 3134 afflictos.
1013 3067 1079 3134 Ubi
1101 3079 1209 3137 tamen
1231 3071 1285 3138 alii
1297 3072 1389 3138 multi

96 3195 250 3262 proceres
288 3183 320 3238 et
342 3175 500 3261 equestris
523 3183 625 3240 status
647 3177 720 3259 viri,
750 3176 828 3241 licet
849 3177 890 3243 ab
912 3173 1003 3238 initio
1032 3172 1097 3238 illis
1130 3174 1280 3241 exulibus
1303 3199 1388 3243 ccm-

97 3278 190 3365 passi
211 3277 332 3342 fuerint
354 3287 486 3365 propter
507 3279 658 3367 injuriam
681 3282 728 3345 eis
750 3280 884 3364 illatam,
908 3280 964 3345 diu
978 3289 1086 3346 tamen
1107 3282 1143 3346 in
1165 3279 1227 3344 hac
1243 3302 1387 3369 compas-

99 3384 192 3447 sione
214 3404 280 3447 non
301 3392 560 3471 perseverarunt,
595 3384 780 3472 etquidem
813 3386 944 3451 nonnisi
978 3385 1114 3452 durante
1135 3387 1238 3474 primo
1260 3389 1388 3456 fervore

98 3488 347 3574 compassionis,
372 3497 403 3552 et
425 3487 501 3553 dum
523 3488 577 3553 hic
596 3488 682 3575 apud
704 3487 835 3554 eosdem
859 3499 1019 3555 cessasset
1051 3500 1084 3556 et
1105 3492 1297 3576 evanuisset,
1321 3516 1389 3559 om·

97 3593 189 3656 nium
213 3589 304 3655 obliti
326 3591 463 3676 fuerunt,
497 3601 592 3678 prout
626 3592 713 3678 apud
741 3595 931 3680 pincernam
970 3594 1058 3680 regis
1079 3594 1253 3683 Egyptiaci
1273 3596 1390 3664 Phara-

98 3697 173 3770 onis
195 3696 340 3781 oontigit,
363 3698 418 3783 qui
441 3696 533 3762 brevi
553 3695 689 3783 Josephi
712 3699 828 3762 somnii
850 3697 1064 3763 declaratoris
1081 3699 1198 3765 oblitus
1219 3701 1286 3768 fuit.
1316 3702 1390 3768 Oui-

99 3800 185 3866 libet
207 3801 293 3863 enim
323 3810 434 3864 uotum
464 3811 522 3883 est,
555 3800 589 3864 id
623 3801 753 3888 saepius
787 3803 984 3889 contingere,
1021 3803 1108 3889 quod
1130 3805 1221 3870 Deus
1254 3805 1391 3872 subinde

97 3902 286 3970 hominibus
320 3903 546 3970 innocentibus
580 3912 611 3969 et
638 3905 736 3992 justis
767 3907 926 3971 rationem
959 3917 991 3971 et
1023 3907 1222 3974 intellectum
1260 3909 1390 3989 adimat,

100 4029 224 4094 eosque
247 4015 357 4091 tentet,
380 4007 510 4096 illisque
533 4031 607 4073 eum
629 4007 759 4088 tribuat,
794 4010 850 4096 qui
872 4033 892 4074 a
912 4010 999 4076 bono
1021 4012 1220 4099 recedentes,
1243 4013 1285 4079 ad
1307 4015 1392 4080 mala

99 4111 266 4201 proclives
288 4113 378 4177 fiunt.
421 4114 466 4178 Et
488 4115 571 4178 sicut
599 4136 663 4179 non
695 4136 737 4178 ex
759 4113 935 4198 hominum,
967 4115 1025 4180 scd
1047 4117 1111 4182 Dei
1133 4119 1298 4184 voluntate
1330 4121 1392 4187 hac

100 4241 155 4283 res
177 4217 225 4280 ita
247 4216 488 4302 ordinabantur,
522 4217 608 4304 qued
630 4241 712 4282 unus
735 4219 769 4282 in
792 4217 927 4283 alterum
949 4228 1142 4305 potestatem
1166 4223 1327 4310 exhibeat,
1350 4249 1393 4292 cx

101 4320 303 4386 admissione
325 4321 390 4387 Dei
412 4332 544 4411 propter
565 4320 742 4387 eorundem
762 4329 906 4409 peccata,
941 4333 977 4386 ut
1006 4322 1087 4389 haec
1109 4324 1174 4393 illis
1196 4328 1240 4393 ad
1260 4329 1392 4417 perditi·

103 4447 210 4506 onem,
234 4423 286 4489 his
308 4447 386 4491 vero
409 4427 451 4493 ad
473 4426 726 4493 consolationem
749 4426 889 4492 futuram
912 4426 1065 4511 serviant,
1088 4429 1134 4493 ita
1156 4430 1251 4496 etiam
1273 4435 1393 4521 pariter

102 4530 177 4595 Deo
201 4528 377 4616 adjuvante
398 4553 458 4618 per
479 4531 681 4618 diligentiam
714 4542 747 4596 et
768 4537 917 4596 conatum
939 4532 1067 4617 piorum
1087 4530 1264 4619 hominum,
1289 4547 1321 4605 et
1334 4561 1394 4628 per

103 4633 251 4701 remedia
273 4632 384 4699 debita
405 4636 486 4702 haec
501 4637 609 4703 omnia
624 4638 659 4702 in
681 4633 944 4722 tranquillitatem
966 4633 1108 4701 debitam
1131 4656 1288 4705 conversa
1309 4652 1393 4710 sunt.

104 4738 300 4806 innoeentes
324 4740 419 4806 etiam
443 4741 519 4807 talia
551 4740 754 4809 incommoda
788 4740 991 4825 sustinentes,
1026 4739 1060 4805 in
1082 4740 1267 4808 innocentia
1297 4748 1409 4812 auxi--
