2946 5086
124 184 213 279 ,rra

235 357 302 424 Nos
322 358 358 423 in
381 356 544 424 erroribus
566 355 769 445 deprehensi,
803 378 877 423 reos
898 378 958 424 nos
981 379 1054 424 esse
1068 356 1245 443 reddimus,
1269 368 1302 425 66
1322 382 1419 447 agnos-

151 462 254 529 cimus
288 484 397 528 coram
417 461 559 528 Domino
581 461 665 546 Deo,
699 468 745 527 et
760 461 910 528 omnibus
939 461 1089 529 fidelibus
1121 461 1315 548 christianis,
1351 463 1419 553 quod

150 564 247 634 valde
269 568 482 634 erraverimus
504 569 538 632 in
560 566 625 632 fide
648 572 681 631 ct
709 568 919 633 sacramentis
942 567 1265 653 ecclesiae'sanctae,
1298 571 1419 634 maxime
1461 580 1467 613 ἵ

150 682 256 739 autem
279 674 313 751 in
336 680 536 739 sacramento
560 673 704 762 corporis
726 680 759 737 et
781 673 946 760 sanguinis
968 671 1101 756 Christi,
1125 675 1214 739 etin
1237 672 1309 739 aliis
1332 696 1418 745 sacra·

150 780 278 865 montis,
300 800 427 867 nempe,
451 776 537 864 quod
558 777 613 845 vel
636 777 766 865 quidam
788 764 935 844 nostrum
965 787 1076 844 666666
1103 786 1341 845 sacramentum
1362 800 1418 843 eor·
1462 776 1469 799 ⁰

151 886 240 974 poris
273 892 305 950 et
338 883 504 971 sanguinis
535 881 670 949 Domini
703 881 891 972 blaspheme
924 882 1022 948 locuti
1051 881 1228 969 fuerimus3
1262 892 1318 949 aut
1349 883 1417 970 quod
1463 865 1469 905 ³

130 989 283 1078 *quidam
305 988 346 1054 de
360 988 460 1054 nobis.
475 1006 540 1054 non
563 986 805 1067 crediderimus,
832 987 886 1053 hic
907 1010 1020 1054 verum
1036 987 1151 1053 adesse
1175 1009 1293 1076 corpus
1308 986 1419 1069 Christi,
1463 969 1469 1010 ²

151 1116 194 1160 ox
214 1093 455 1182 parteillcrum,
479 1086 620 1180 quinon
636 1100 775 1176 sumunt,
798 1092 856 1158 sed
871 1090 973 1158 solum
996 1094 1030 1158 in
1042 1093 1235 1183 sumptione.
1268 1091 1331 1159 Vel
1351 1090 1419 1180 quod
1466 1179 1469 1191 Ι

150 1197 282 1286 qnidam
302 1196 345 1263 de
366 1196 461 1263 nobis
482 1197 685 1262 venerationi
706 1196 801 1285 hujus
824 1198 1018 1263 sacramenti
1048 1198 1082 1262 in
1098 1198 1314 1264 monstrantia
1336 1218 1419 1285 expo·
1466 1195 1469 1217 ¹

68 1352 72 1369 2
152 1304 215 1382 siti,
228 1312 270 1369 ct
292 1301 464 1369 elevationi
496 1322 536 1389 ac
558 1300 702 1389 corporis
736 1298 857 1367 Christi
893 1301 1101 1389 processioni·
1136 1324 1171 1367 se
1206 1303 1420 1393 opposuerint,
1467 1285 1469 1311 ³

150 1415 205 1474 aut
237 1405 476 1495 quodquidam
497 1413 642 1471 nostrum
662 1396 779 1472 missas
802 1416 834 1472 et
856 1405 977 1472 clerum
1011 1407 1241 1495 spreveriums,
1284 1416 1317 1473 66
1339 1407 1422 1496 parti-

150 1506 255 1579 culari
281 1511 550 1577 administrationi
566 1519 598 1576 et
611 1511 758 1598 privatae
773 1509 1025 1595 adhaeserimus,
1049 1519 1082 1576 et
1096 1510 1138 1577 de
1162 1498 1313 1577 manibus
1336 1532 1423 1576 saeer-

152 1619 262 1687 dotnm
294 1615 473 1682 infidelium
506 1622 619 1682 contra
652 1600 886 1681 institutionem
924 1614 1046 1682 Christi
1082 1623 1114 1681 et
1145 1616 1243 1681 ritum
1267 1616 1424 1691 ‚ecclesiae

152 1731 281 1788 sanetae
303 1720 428 1788 occulte
450 1728 504 1787 aut
525 1710 657 1809 publice
680 1722 1032 1804 communicaverimus,
1064 1718 1180 1786 iisdem
1216 1719 1425 1787 sacerdotibus

152 1824 285 1911 seducti,
322 1847 439 1914 nempe
476 1848 535 1914 per
555 1825 731 1891 Martinum
763 1824 891 1909 Mirus,
913 1824 1072 1891 Jeannem
1094 1825 1259 1910 Pcduhka,
1297 1822 1427 1892 Posalek
1467 1912 1469 1919 Ι

152 1939 187 1998 66
216 1931 297 1998 alios
329 1931 458 1998 illorum
491 1931 606 2016 socios,
639 1931 764 1997 ratione
799 1951 934 2018 quarum
972 1953 1079 1996 rerum
1096 1934 1100 1943 '
1115 1953 1238 2017 poenas
1272 1929 1427 2020 promeriti
1467 1976 1469 2021 ,

151 2056 284 2104 snmus·
1353 2021 1356 2025 ἢ
1467 2042 1469 2053 “

236 2139 363 2207 Idcirco
384 2162 442 2207 vos
466 2140 667 2207 christianos¹
680 2140 794 2206 fideles
827 2141 977 2228 petimus,
1008 2147 1096 2206 orate
1118 2161 1177 2226 pro
1212 2138 1308 2206 nobis
1330 2139 1428 2204 Domi·
1467 2128 1469 2133 ’

150 2267 230 2312 num
267 2246 384 2329 Deum,
414 2253 452 2310 ut
482 2253 618 2334 peccata
648 2245 729 2315 haec
763 2254 874 2310 nostra
910 2242 1005 2310 nobis
1041 2244 1199 2326 remittat3
1236 2265 1324 2309 nunc
1361 2264 1429 2310 vero

152 2351 260 2418 omnia
282 2351 407 2415 sincere
429 2349 608 2434 eredentes,
630 2348 719 2415 fideli
741 2349 849 2433 eorde,
873 2357 904 2414 et
927 2370 983 2414 ore
1005 2347 1205 2435 profitemur*
1283 2342 1286 2347 ’

112 2484 115 2491 ·
197 2492 200 2497 ·
236 2454 464 2543 Quoscumque
499 2458 622 2520 autem
639 2455 674 2518 in
704 2454 887 2541 suspicione
913 2451 1096 2520 habuerunt
1117 2456 1152 2519 in
1174 2453 1250 2532 fide,
1289 2454 1331 2520 ad
1357 2454 1428 2519 haec

150 2559 221 2627 illos
244 2568 420 2647 coegerunt
440 2561 486 2626 ita
507 2557 705 2648 respondere
727 2559 817 2646 (nam
839 2580 905 2625 non
934 2558 1103 2647 aequalem
1126 2567 1272 2625 tenorem
1308 2561 1355 2625 eis
1376 2565 1429 2623 tra·

151 2664 312 2749 diderunt,
335 2664 526 2753 quibusdam
549 2665 634 2729 enim
657 2663 815 2730 dederrmt
847 2663 1012 2747 leviorem,
1043 2663 1116 2730 aliis
1151 2664 1345 2750 graviorem,
1366 2662 1427 2728 reli-

152 2772 224 2858 quis
247 2771 482 2858 gravissimum,
512 2778 609 2857 prout
628 2790 892 2857 unumquemque
922 2768 1097 2856 viderunt).
1128 2769 1428 2854 ,Quomodocunque

150 2884 258 2941 autem
291 2874 485 2964 deprehensi
517 2873 635 2937 fuimus
668 2876 703 2937 in
731 2867 818 2937 fama
851 2872 999 2955 adversa,
1044 2884 1130 2960 quae·
1161 2881 1309 2938 sanctam
1342 2871 1427 2937 fidem

153 2979 361 3045 christianam
385 2978 560 3060 concernit,
593 2975 647 3042 vel
670 2977 776 3065 quoad
799 2976 984 3043 sacerdotes
1008 2977 1166 3042 'infideles
1192 2986 1248 3043 aut
1272 2979 1426 3043 conciona-

152 3091 238 3150 tores
258 3085 402 3173 privatos
425 3091 457 3148 et
479 3081 631 3166 occultos,
653 3081 708 3149 vel
731 3080 772 3148 ob
788 3080 915 3151 fabulas
938 3083 1130 3148 concionum
1156 3104 1268 3147 eorum
1291 3080 1344 3148 vel
1376 3079 1425 3144 lec·

151 3176 256 3256 tiones
277 3198 479 3272 tractatuum,
512 3196 548 3271 66
570 3185 707 3275 quilibet
739 3195 883 3252 vestrum
916 3187 1023 3254 bonus
1055 3172 1252 3252 christianus
1286 3187 1375 3262 sciat,
1403 3187 1426 3246 et
1466 3234 1469 3245 .

151 3316 211 3361 nos
233 3301 399 3383 suspectos
432 3315 498 3358 non
530 3289 658 3375 habeat,
692 3276 777 3356 hanc
809 3293 921 3358 veram
953 3290 1052 3357 fidem
1091 3288 1305 3355 christianam
1330 3288 1425 3365 libere,
1467 3376 1469 3381 ,

151 3397 305 3467 audacter
326 3407 358 3464 et
379 3421 421 3465 ex
442 3395 607 3464 voluntate
629 3396 760 3482 propria
781 3397 1046 3484 recognoscimus
1069 3403 1102 3459 et
1122 3390 1335 3482 profitemur··

488 3500 581 3566 Haec
602 3499 663 3564 fuit
685 3501 841 3566 correctio
865 3509 897 3566 et
917 3498 1097 3587 professio:
1467 3574 1469 3581 Ι

236 3609 367 3693 Primo,
400 3605 497 3673 corde
533 3603 704 3687 oredimus,
728 3612 771 3683 66
801 3605 998 3691 profitemur,
1036 3602 1122 3693 quod
1159 3603 1194 3667 in
1239 3606 1424 3670 sacramento

153 3712 265 3778 altaris
286 3712 409 3779 visibili
433 3706 576 3800 corporis
600 3718 632 3775 et
654 3709 822 3799 sanguinis
845 3708 967 3775 Christi
990 3710 1032 3774 sit
1053 3730 1151 3775 verus
1165 3708 1259 3775 Deus
1283 3718 1316 3776 et
1336 3709 1425 3784 hemo,

152 3839 218 3884 non
241 3817 347 3883 solum·
367 3818 485 3883 virtute
507 3832 539 3883 et
554 3818 621 3882 suis
644 3814 748 3898 donis,
772 3813 831 3880 sed
854 3800 912 3881 sua
933 3816 1065 3902 propria
1076 3820 1193 3878 natura
1217 3822 1250 3879 et
1263 3809 1426 3881 substantia

153 3944 231 3988 suae
251 3921 406 3988 naturalis
429 3922 598 4005 essentiae,
622 3945 702 4010 quas
725 3923 872 4011 sumpsit,
888 3929 921 3988 ct
942 3926 1100 3987 natusest
1122 3920 1163 3986 de
1184 3918 1425 4011 virgineldaria‚

154 4035 187 4093 et
208 4026 299 4093 sedet
321 4049 342 4092 a
364 4026 493 4101 deutris¹
510 4026 575 4092 Dei
597 4026 703 4092 Patris
725 4035 786 4093 ete.
1112 4038 1114 4043 '

236 4132 317 4198 Item
341 4131 503 4197 credimus
525 4139 558 4196 et
590 4154 645 4197 ore
668 4132 864 4219 profitemur,
902 4132 989 4219 quod
1022 4132 1056 4196 in
1091 4141 1296 4200 sacramento
1330 4129 1426 4199 altaris

154 4258 269 4326 corpus
292 4247 325 4303 et
346 4239 477 4325 sanguis
493 4238 627 4304 Domini
648 4241 751 4304 nostri
772 4238 851 4304 Jesu
874 4237 1005 4322 Christi,
1030 4239 1302 4327 conjuncta'cum
1313 4240 1428 4306 Deitate

154 4342 228 4425 sint,
249 4341 374 4410 habens
397 4342 450 4409 hic
472 4342 621 4409 Christus
655 4343 845 4430 sanguinem
882 4351 914 4409 et
944 4344 1094 4428 animam,
1130 4364 1228 4431 quam
1262 4344 1367 4412 emisit
1400 4340 1429 4404 in

155 4468 251 4514 cruce
273 4447 421 4515 dolorosa
443 4450 585 4514 moriens
607 4470 666 4536 pro
687 4451 831 4535 peccatis
853 4450 984 4516 nostris.

238 4550 380 4619 Ulterius
403 4553 550 4620 additum
572 4565 631 4634 est,
665 4553 752 4641 quod
774 4552 834 4620 sub
856 4553 1054 4649 Rokyczano
1087 4574 1153 4618 non
1175 4553 1257 4639 fuit3
1292 4553 1351 4620 sed
1380 4548 1430 4617 sub

152 4654 291 4723 diversis
313 4657 485 4745 speciebus
506 4658 624 4745 integri
648 4660 842 4729 sacramenti
864 4658 907 4728 ad
928 4656 1171 4746 cognoscendas
1194 4658 1346 4747 diversas
1362 4652 1433 4727 divi·

142 4782 207 4828 nas
225 4762 353 4849 gratias
375 4785 448 4830 esse
468 4764 665 4852 profitemur.
798 4781 800 4784 ⁴
1359 4790 1362 4795 ·
