2946 5086
28 299 31 306 ι
152 201 214 273 ιιι

143 379 242 465 igitur
258 375 427 443 Ciceronis
450 374 609 440 sententia
617 372 658 439 ds
672 373 727 439 illo
743 372 810 440 diei
831 373 935 461 potuit
955 374 988 438 in
1011 371 1094 439 libro
1110 371 1310 441 officiorumt
1333 370 1439 461 Cujue

143 484 223 552 libet
243 484 314 551 laus
336 481 463 549 virtutis
485 485 519 548 in
542 482 706 569 operando
739 483 895 549 consistit.
946 481 990 548 Et
1019 480 1119 547 alibi:
1142 478 1251 546 Omne
1290 478 1438 567 injustum

112 628 115 633 ·
144 590 238 676 quasi
259 588 320 654 flos
343 587 474 654 decidit
497 587 584 653 Dum
607 588 693 653 enim
716 609 795 654 vera
816 587 886 653 laus
908 586 950 653 de
972 587 1091 652 virtute
1114 606 1180 650 non
1202 582 1361 672 procedit,
1384 582 1436 648 dif-

142 692 269 759 ficulter
292 693 348 758 diu
370 692 488 758 durare
509 699 624 779 potest.
683 691 906 780 Quaecunque
928 690 971 756 de
991 690 1048 756 illo
1070 690 1125 755 hic
1145 686 1342 772 scribuntur,
1363 687 1435 754 haee

142 798 263 885 pariter
284 796 326 862 ιιι
349 796 498 885 ejusdem
520 795 771 862 adhaerentibus
794 796 859 861 dici
880 804 1025 883 possunt
1056 793 1159 883 Cujus
1179 793 1432 880 vestigiaetiam

143 911 272 968 secutus
293 899 354 966 fuit
376 901 470 967 homo
492 899 548 966 ille
571 922 743 988 perversus
766 899 879 968 Gallus
902 898 1049 966 Ozabera
1069 898 1323 983 administrator,
1346 907 1376 964 ιι
1394 900 1431 964 ιιι

146 1005 314 1095 processit,
345 1004 458 1071 volens
487 1006 655 1093 acquirere
677 1006 908 1094 episcopatum,
941 1012 1049 1071 mente
1082 1003 1230 1072 turbatus
1262 1004 1348 1070 sicut
1375 1002 1429 1085 ille,
1472 1065 1473 1068 ,

139 1109 293 1197 judicans
316 1108 534 1176 adulationem
557 1109 661 1174 eidem
685 1111 840 1197 majorem
870 1107 1009 1175 finctum
1027 1108 1241 1198 corporalem
1261 1107 1428 1191 allaturam,
1463 1125 1467 1163 .·

144 1234 240 1299 quam
262 1236 374 1280 sacrae
397 1215 574 1302 scripturae
590 1213 770 1283 lectionem.
804 1214 905 1280 Totus
926 1215 1080 1280 incensus
1103 1213 1164 1280 fuit
1186 1213 1344 1303 cupidine
1363 1233 1432 1278 vana

145 1318 323 1386 evectionis
338 1317 542 1401 honorificae,
566 1318 730 1402 avaritiae,
751 1316 931 1404 superbiae,
961 1318 1111 1385 adulterii
1133 1327 1166 1384 st
1186 1317 1327 1403 aliarum
1341 1338 1431 1382 rerum
1462 1357 1463 1360 =

135 1421 373 1505 indebitarum,
418 1421 556 1510 ideoque
593 1431 658 1488 tam
691 1421 912 1488 intolerabiles
945 1422 1137 1489 afflictiones
1167 1431 1200 1488 et
1240 1421 1430 1488 crudelitates
1472 1468 1473 1472 ,

147 1526 332 1594 hominibus
354 1527 516 1614 imposuit,
529 1536 561 1592 et
573 1526 709 1593 Lutheri
731 1526 882 1613 dogmata
895 1550 1019 1611 summe
1032 1527 1220 1612 dilaudavit,
1232 1527 1432 1594 Bohemoruu
1467 1578 1472 1591 .

144 1632 262 1699 multos
286 1631 416 1697 seduxit
437 1641 470 1696 et
490 1632 525 1696 ιι
545 1631 611 1696 illis
633 1631 845 1715 confirmavit,
879 1632 1009 1698 tandem
1038 1654 1116 1700 vero
1139 1634 1229 1698 omni
1265 1630 1362 1698 modo
1390 1629 1432 1695 ho-

144 1739 249 1803 mines
264 1736 435 1825 oppressit,
457 1743 554 1823 atque
569 1736 686 1801 iterum
698 1735 816 1823 dogma
837 1735 919 1802 illud
952 1751 984 1802 et
1016 1735 1123 1822 legem
1139 1734 1263 1806 Christi
1287 1745 1433 1822 contemp·
1467 1774 1468 1781 ι

149 1843 200 1908 ιιι.
243 1841 314 1907 Νιι
336 1862 478 1928 unquam
500 1839 645 1919 auditum
667 1840 728 1905 fuit
749 1840 790 1907 de
813 1842 920 1929 aliquo
943 1841 1000 1907 tali
1022 1842 1161 1927 homine,
1182 1866 1251 1910 non
1275 1842 1379 1910 solum
1403 1838 1433 1904 de

149 1945 286 2028 clericis,
308 1966 422 2011 verum
444 1967 506 2010 nee
529 1944 570 2009 de
583 1944 695 2039 laicis,
718 1946 753 2010 in
776 1968 877 2033 regno
893 1946 1079 2030 Bohemiae,
1103 1954 1159 2035 aut
1179 1947 1254 2014 aliie
1276 1947 1367 2028 locis,
1388 1944 1432 2032 qui

146 2050 221 2120 talis
243 2050 398 2116 audaciae
420 2049 543 2127 fuisset,
574 2051 658 2115 sicut
679 2050 774 2117 homo
805 2051 860 2117 ille
880 2051 949 2134 fuit,
989 2053 1044 2140 qui
1076 2053 1110 2118 in
1144 2051 1359 2118 concionibus
1376 2049 1434 2116 -ιιιι

149 2156 278 2243 saepius
302 2163 367 2219 tam
398 2155 534 2242 turpiter
555 2155 733 2241 morigeros
767 2178 806 2220 ac
838 2155 993 2231 honestos
1016 2156 1194 2240 homines,
1223 2142 1438 2246 cujuscunque

149 2265 251 2324 status
275 2259 344 2323 sine
368 2259 560 2351 exceptione
583 2267 802 2343 contemneret
824 2271 856 2324 et
878 2260 1082 2347 opprimeret,
1097 2259 1301 2382 proditoriis
1325 2270 1358 2327 et
1381 2257 1438 2325 aliis

145 2361 254 2431 verbis
275 2363 383 2428 noxiis
405 2364 560 2447 afficeret,
583 2363 671 2452 quod
687 2362 891 2430 admirationi
902 2364 1011 2430 multis
1035 2367 1164 2454 saepius
1184 2366 1314 2446 fuerat3
1344 2365 1437 2433 nulus

146 2469 232 2534 enim
255 2468 383 2535 illum
373 2493 408 2535 m
430 2469 660 2558 h1srmped1v1t
681 2468 722 2534 de
742 2470 824 2552 istis,
847 2469 1034 2575 quibuspro
1056 2472 1303 2538 conservatione
1314 2494 1402 2562 paors
1415 2480 1439 2535 et

145 2574 371 2642 imminutione
392 2575 459 2642 odii
481 2575 516 2641 id
538 2597 637 2661 agere
675 2574 883 2663 pertinuisset
914 2583 947 2639 et
981 2557 1194 2641 convenisset
1260 2575 1328 2697 Sed
1354 2578 1439 2665 juxta

147 2680 372 2772 proverbium·
402 2680 458 2769 qui
481 2689 574 2765 tacet,
598 2682 781 2747 consentire
802 2681 940 2748 videtur

678 2835 825 2904 CAPUT
860 2839 910 2905 15.

146 3020 268 3102 Inque
289 3015 403 3076 mentio
424 3018 458 3076 fit
494 3018 531 3084 de
553 3019 681 3096 quodam
703 3017 795 3077 tratre
813 3017 942 3094 Mathia,
964 3018 1091 3078 habente
1114 3016 1253 3097 spiritum
1279 3014 1375 3090 Elian,
1394 3011 1434 3096 qui

148 3105 271 3169 audiens
296 3106 333 3175 de
361 3106 472 3207 popqlo
493 3105 612 3183 Pragae
641 3107 764 3166 seducto
796 3106 933 3180 advenit,
965 3107 1046 3184 piam
1076 3113 1105 3165 et
1137 3105 1304 3165 virtuosam
1337 3104 1432 3162 ducens

149 3195 252 3268 vitam,
275 3192 353 3252 elios
374 3193 453 3270 parit
441 3194 547 3252 tader
569 3194 646 3253 hanc
668 3192 828 3272 persuasit,
860 3202 889 3252 et
877 3195 1043 3253 tverbum
1066 3192 1126 3252 Dei
1148 3191 1301 3252 ferventer
1331 3186 1431 3291 praedi·
1470 3242 1472 3263 ,

146 3281 241 3356 eavit3
262 3279 315 3340 ubi
336 3280 456 3343 tandem
481 3278 617 3340 diabolus
647 3301 700 3358 per
732 3299 800 3365 euos
831 3297 992 3364 sequaces
1012 3281 1175 3341 conabatur
1208 3288 1239 3340 et
1259 3277 1341 3339 omni
1360 3273 1432 3335 modo

407 3367 550 3441 tentabat,
574 3375 607 3427 ut
630 3369 726 3428 eidem
749 3368 957 3477 impedimento
979 3384 1046 3426 esse
1066 3366 1224 3445 possit

236 3519 359 3587 Utt
303 3525 359 3584 ιιι
360 3539 412 3584 em
432 3527 579 3585 revertar
607 3517 762 3602 adhaec,
794 3519 881 3586 unde
914 3519 1079 3606 digressus
1102 3539 1183 3603 sum,
1222 3515 1283 3582 ad
1279 3509 1426 3582 correcti·
1458 3561 1468 3575 ..

93 3626 96 3633 ’
151 3626 246 3695 oriem
269 3643 387 3712 nempe
410 3632 443 3688 et
463 3625 721 3709 revocationem,
744 3624 821 3691 dum
842 3623 1034 3691 afflictiones
1070 3632 1197 3690 mutae
1216 3632 1250 3689 et
1270 3636 1427 3688 aerumnae
1464 3649 1470 3685 .-

127 3737 224 3802 ‘sine
252 3731 493 3799 intermissione
528 3725 656 3818 semper
687 3730 791 3816 magis
825 3739 1030 3816 augerentur,
1064 3718 1231 3796 condoluit
1262 3725 1379 3817 populo
1407 3726 1429 3784 tl

149 3815 372 3907 misericordia
394 3834 512 3901 ductus
531 3833 592 3900 fuit
624 3833 755 3922 quidam
788 3833 888 3900 irater
909 3834 1048 3900 Matbias
1076 3837 1121 3899 ita
1156 3834 1351 3914 nominatus,
1376 3844 1429 3892 ere
1464 3876 1470 3916 ἱ

98 3992 102 4000 =
151 3947 232 4012 mita
264 3941 387 4009 ordinis
420 3938 576 4027 simplicis
611 3961 650 4005 ac
684 3939 934 4022 constitutionis,
967 3962 1007 4004 ac
1033 3937 1164 4027 opificii
1197 3937 1249 4002 ιιι
1288 3931 1430 4025 quondum
1468 3987 1473 4004 ,

148 4049 258 4141 pollio,
287 4047 394 4137 patria
414 4043 648 4127 Zatecensis,t
649 4064 799 4108 onsuram
820 4043 1041 4110 Romanam
1032 4067 1066 4110 ιι
1089 4044 1197 4132 capite
1217 4063 1285 4108 nou
1306 4038 1431 4128 babent
1468 4091 1473 4112 ,ι

150 4159 205 4248 qui
227 4155 287 4225 sub
309 4154 374 4221 illis
397 4152 561 4241 perversis
584 4150 783 4241 temporibus
806 4174 864 4239 pro
887 4161 965 4217 tunc
986 4152 1111 4236 Pragae
1133 4146 1247 4227 adluit,
1269 4143 1346 4212 dum
1370 4094 1431 4208 tilii

149 4263 235 4330 mala
256 4261 381 4344 fierent,
406 4268 438 4322 et
459 4257 549 4346 prius
570 4264 645 4336 ante
667 4256 808 4344 quinque
823 4265 879 4322 aut
901 4279 961 4322 sex
983 4277 1084 4322 annos
1099 4254 1133 4319 in
1150 4265 1259 4318 eremo
1292 4250 1432 4326 babitans,

149 4367 275 4455 aliquot
297 4366 392 4433 annis
415 4364 517 4430 vitam
540 4360 634 4428 duxit
654 4361 727 4427 Deo
750 4370 875 4446 gratam
898 4372 930 4428 et
951 4363 1049 4450 piam,
1072 4357 1203 4424 tandem
1227 4379 1272 4423 ex
1292 4355 1433 4422 liberast

149 4471 237 4540 bona
256 4472 423 4538 voluntate
444 4491 483 4536 ac
505 4468 623 4533 mentis
645 4489 724 4533 suae
745 4467 884 4534 ferventi
907 4465 1078 4550 desiderio,
1101 4461 1197 4551 simul
1220 4461 1262 4526 de
1294 4460 1432 4526 instinctu

151 4577 283 4668 spiritus
303 4574 398 4642 illiae
419 4581 551 4662 propter
560 4571 681 4638 multas
704 4571 870 4639 hominum
885 4574 1071 4662 iniquitates
1108 4567 1311 4634 conscientia
1330 4565 1433 4631 ductus

148 4679 355 4749 manicatus
369 4679 511 4798 propria,
523 4676 665 4763 Pragam
688 4698 724 4742 se
739 4676 845 4743 denuo
860 4677 1006 4743 contulit
1029 4677 1094 4742 Hic
1115 4670 1253 4740 verbum
1275 4670 1340 4737 Dei
1360 4686 1438 4757 prae·

139 4783 255 4851 dicare
277 4783 388 4871 coepit
409 4782 538 4849 sincere
574 4781 751 4847 seeundum
781 4781 904 4866 legem
909 4780 1072 4866 (ιιιιιιιιι,
1104 4782 1244 4868 peccata
1279 4785 1314 4844 ιι
1344 4774 1440 4843 variet
