2946 5086
125 136 189 207 262

131 310 174 378 de
202 312 340 378 mortuis
371 322 565 402 resurgeret,
595 322 684 383 certe
717 315 825 401 credo,
860 314 948 405 quod
976 313 1060 382 illud
1086 314 1183 383 lateri
1210 312 1348 382 deberet
1374 314 1413 380 de

131 414 220 482 clero
244 417 414 504 Pragensi‚
451 420 605 508 majorem
640 420 799 488 malitiam
836 429 868 487 et
903 421 1046 487 furorem
1080 421 1116 486 in
1147 419 1228 487 orbe
1258 428 1414 486 terrarum

126 541 192 586 non
226 520 305 605 dari,
341 543 437 609 quarn
473 525 630 591 malitiam
665 525 751 593 cleri.
803 524 897 592 Haec
929 534 1037 591 autem
1067 532 1138 591 orta
1174 523 1295 590 exinde
1332 532 1412 608 sunt,

126 622 201 688 dum
223 624 272 690 illi
296 635 431 713 quatuor
454 630 709 716 supranominati
738 628 851 696 exules
882 651 956 695 oum
978 628 1069 695 salvo
1091 628 1257 695 conductu
1278 629 1413 716 Pragam

125 730 294 795 venissent
313 731 348 795 in
371 730 458 797 hunc
478 732 587 816 finem,
610 744 647 798 ut
666 733 739 801 loco
754 735 898 802 omnium
910 733 1046 800 aliorum
1068 742 1167 821 agant
1182 756 1258 799 cum
1269 732 1411 820 Pragen-

126 833 216 901 sibus
238 834 454 902 amicabiliter
475 859 518 904 ex
540 838 706 905 voluntate
737 840 826 927 regis
847 841 883 905 in
905 859 1006 905 causa
1037 839 1181 904 omnium
1204 837 1411 904 dissidiorum

125 937 392 1028 praecedentium
423 941 647 1029 Pragensium,
682 942 779 1010 simul
807 943 850 1011 ob
880 943 1020 1010 futuram
1052 964 1178 1032 pacem,
1210 941 1413 1010 concordiam

130 1051 163 1110 et
183 1042 462 1131 tranquillitatem,
496 1053 574 1112 tunc
606 1046 700 1114 multi
732 1048 832 1132 cives,
865 1068 932 1113 non
963 1045 1067 1113 solum
1088 1045 1148 1131 illi,
1178 1047 1236 1135 qui
1267 1047 1318 1112 eis
1340 1045 1412 1110 alias

129 1168 294 1234 nunquam
315 1147 401 1214 mala
421 1147 586 1233 favebant,
608 1149 668 1217 sed
690 1156 787 1218 etiam
820 1151 881 1237 illi,
910 1152 967 1237 qui
989 1172 1101 1217 eorum
1123 1151 1264 1218 antehac
1286 1151 1414 1216 maximi

129 1252 252 1318 inimici
274 1251 415 1334 fuerant,
447 1263 648 1321 assumentes
685 1277 764 1342 erga
793 1276 849 1321 eos
882 1277 1005 1322 novum
1026 1253 1183 1339 favorem,
1218 1263 1252 1321 et
1273 1253 1415 1320 dolentes

131 1355 173 1422 de
194 1357 344 1425 omnibus
365 1356 458 1426 malis
481 1361 529 1425 eis
551 1368 648 1425 antea
668 1358 777 1444 illatis,
811 1360 846 1424 in
867 1358 953 1425 bona
974 1382 1065 1447 pace,
1097 1360 1233 1426 caritate
1256 1357 1417 1425 amicabili

132 1483 205 1527 cum
228 1463 276 1527 eis
299 1463 538 1530 conveniebant
559 1473 592 1529 et
613 1462 763 1551 agebant,
786 1464 863 1552 quia
885 1484 1052 1551 nunquam
1072 1465 1107 1530 in
1128 1462 1197 1529 ulla
1217 1484 1254 1529 ro
1276 1462 1418 1530 indebita

133 1566 326 1655 deprehensi
349 1579 381 1635 et
414 1569 493 1636 victi
522 1569 662 1647 fuerunt,
696 1590 803 1656 neque
832 1591 944 1634 eorum
978 1570 1066 1635 socii.
1111 1566 1312 1634 Sacerdotes
1346 1588 1418 1654 ergo

133 1670 215 1738 haec
234 1673 412 1739 rescientes
435 1682 468 1739 et
490 1682 717 1761 agnoscentes,
747 1672 833 1760 quod
864 1694 926 1739 nec
947 1672 1016 1757 hos,
1053 1694 1160 1761 neque
1192 1671 1278 1737 illos
1298 1672 1334 1737 in
1367 1693 1420 1737 sua

133 1775 214 1842 retia
234 1777 421 1864 pertrahere
443 1779 578 1865 possint,
611 1776 677 1844 tale
697 1780 867 1846 inventum
900 1788 1013 1844 contra
1041 1777 1115 1844 illos
1138 1778 1418 1863 excogitaverunt,

135 1890 327 1969 quaerentes
348 1884 383 1949 in
405 1884 456 1949 his
477 1883 619 1948 fructum
641 1905 747 1967 suum,
779 1892 816 1948 ut
837 1883 917 1949 clari
939 1884 1028 1948 omni
1049 1890 1196 1970 tempore
1217 1883 1254 1946 in
1281 1879 1349 1946 illis
1370 1902 1420 1968 pa-

136 1995 211 2066 teat,
243 1997 280 2053 ut
301 1996 406 2068 antea,
437 1989 484 2054 ita
504 1988 601 2056 modo
623 1989 698 2056 illos
720 2012 787 2057 non
820 2011 894 2055 esse
916 1986 1110 2054 concordiae
1140 1996 1172 2051 et
1199 1985 1295 2073 pacis
1317 2006 1421 2050 aman·

135 2101 195 2180 tes,
219 2113 375 2182 quaeres
398 2102 448 2159 est
468 2096 599 2183 propria
622 2095 764 2181 diaboli;
794 2080 872 2160 dum
895 2095 983 2161 enim
1005 2090 1270 2180 quandocunque
1292 2089 1422 2179 aliquod

136 2200 257 2266 bonum
279 2201 449 2265 imminere
471 2199 594 2279 debuit,
615 2200 664 2267 illi
686 2200 775 2267 omni
797 2198 980 2282 sedulitate,
1003 2200 1069 2263 imo
1092 2197 1127 2264 vi
1144 2217 1275 2283 semper
1297 2194 1423 2262 solliciti

137 2306 264 2371 fuerant
284 2302 366 2370 illud
387 2302 507 2370 bonum
538 2304 697 2393 impedire
720 2313 753 2370 et
785 2304 989 2371 conculcare.
1033 2303 1079 2368 Hi
1101 2309 1177 2366 sunt
1197 2300 1248 2366 illi
1269 2309 1422 2388 pastores,

139 2411 205 2498 qui,
228 2408 315 2497 quod
336 2408 499 2474 infirmum
522 2418 579 2488 est,
600 2409 754 2476 roborare
776 2409 944 2493 deberent,
968 2406 1055 2496 quod
1066 2427 1205 2492 aegrum
1229 2401 1289 2488 est,
1314 2423 1422 2471 sanare

140 2513 226 2603 quod
247 2513 393 2592 fractum,
415 2513 627 2600 consolidare,
657 2522 689 2580 et
711 2512 798 2603 quod
819 2512 952 2580 devium
974 2520 1033 2597 est,
1062 2509 1104 2575 ad
1125 2509 1214 2576 viam
1234 2518 1361 2576 rectam
1381 2529 1423 2574 re·

140 2619 259 2685 ducere
282 2617 448 2703 deberent,
481 2627 578 2708 atque
607 2618 695 2708 quod
716 2617 890 2708 perditum,
922 2635 1101 2704 quaerere;
1131 2611 1181 2678 illi
1202 2636 1283 2681 voro
1307 2610 1423 2680 crudeli

142 2726 315 2792 severitate
337 2732 370 2790 et
390 2723 547 2791 violentia
578 2726 700 2814 injusta
735 2723 815 2791 haec
847 2721 1001 2788 mandata
1034 2719 1217 2802 ediderunt,
1253 2716 1423 2785 secundum

140 2829 243 2898 verba
263 2829 446 2898 Ezechielis
467 2830 646 2920 prophetae
668 2830 723 2896 34.
744 2829 861 2917 capite,
891 2834 1024 2916 propter
1058 2845 1141 2913 quae
1171 2823 1422 2897 maledictiones,

142 2934 293 3000 miseriae
315 2943 349 3001 et
369 2934 570 3002 calamitates
592 2952 744 3003 aeternae
766 2933 870 3000 aDeo
892 2953 951 3020 pro
973 2929 1093 2997 talibus
1108 2937 1245 3018 paratae
1263 2937 1349 2997 sunt
1369 2926 1422 2991 Ta·

144 3039 192 3107 les
213 3060 292 3107 vero
314 3043 669 3108 excommunicationes
690 3040 740 3107 illi
762 3038 948 3106 sacerdotes
970 3034 1023 3102 his
1045 3036 1140 3102 annis
1162 3056 1335 3123 nunquam
1355 3053 1423 3122 pro·

143 3147 348 3230 nunciarunt,
377 3147 533 3234 quamdiu
562 3144 639 3212 illae
673 3153 810 3233 quatuor
841 3163 1001 3231 personae
1029 3141 1157 3227 Pragae
1192 3161 1259 3204 non
1294 3139 1423 3204 fuerunt.

144 3250 230 3317 Vere
251 3259 360 3318 tamen
381 3252 461 3319 illud
483 3252 604 3318 factum
625 3251 696 3335 fuit,
729 3246 815 3337 quod
837 3246 931 3336 plebs
960 3245 1042 3312 tales
1072 3266 1184 3310 eorum
1207 3239 1424 3309 excommuni-

144 3359 286 3426 cationes
308 3357 448 3424 audaces
479 3365 511 3422 et
533 3354 712 3422 malitiosas
735 3351 967 3439 contempserit
996 3358 1028 3416 et
1049 3349 1084 3416 in
1114 3347 1254 3414 nihilum
1277 3347 1424 3427 verterit3

145 3462 223 3530 dum
246 3464 333 3528 enim
344 3461 483 3528 antehac
498 3461 652 3528 cumillis
667 3455 818 3526 exulibus
835 3463 971 3543 egerunt
986 3463 1019 3519 et
1036 3453 1233 3519 commercia
1254 3457 1426 3540 gesserunt,

147 3589 186 3634 eo
207 3570 312 3657 magis
334 3567 454 3635 deinde
477 3589 551 3633 cum
573 3566 639 3632 illis
672 3563 856 3631 conversati
875 3559 1015 3642 filerunt,
1044 3557 1126 3624 nihil
1155 3566 1313 3623 curarunt
1332 3575 1427 3643 nugas

147 3674 207 3741 has
239 3677 467 3762 magistrorum
500 3694 641 3742 suorum.
684 3670 729 3736 Hi
760 3667 893 3735 tandem
915 3659 1052 3754 quatuor
1089 3661 1204 3729 exules
1237 3684 1314 3728 cum
1349 3660 1428 3727 salvo

149 3765 311 3849 conductu
342 3788 532 3868 praesentes
561 3798 659 3864 agere
699 3797 766 3841 non
795 3776 1006 3840 cessaverunt
1039 3789 1114 3834 cum
1141 3766 1367 3853 Pragensibus
1394 3763 1429 3829 de

149 3887 323 3954 concordia
354 3894 387 3951 et
419 3885 553 3950 caritate
585 3879 751 3948 amicabili
781 3876 917 3961 tamdiu,
950 3874 1055 3940 donec
1087 3871 1141 3938 die
1173 3870 1335 3938 Mercurii
1367 3876 1430 3961 post

148 3994 285 4082 primam
306 3992 514 4059 Dominioam
535 3997 610 4080 post
629 3984 766 4071 Pascha,
789 3991 905 4073 quarta
927 3981 980 4047 die
1001 3993 1075 4067 post
1096 3976 1214 4042 festum
1238 3977 1355 4045 Sancti
1365 3977 1430 4042 An·

149 4097 251 4164 brosii
273 4096 316 4186 (7.
329 4094 436 4185 April)
461 4101 673 4163 convocasset
695 4089 958 4159 communitatem
978 4085 1147 4171 utriusque
1168 4083 1327 4167 civitatis,
1349 4102 1431 4170 quae·

149 4202 231 4268 libet
249 4203 474 4268 curiamsuam
490 4200 706 4287 singulariter.
727 4197 817 4263 Dum
835 4213 913 4260 vero
939 4187 1432 4274 communitasVetero·Pragen·

152 4328 205 4373 sss
227 4306 284 4373 diu
304 4328 370 4373 non
392 4307 630 4390 convenissent,
653 4313 731 4371 tuno
752 4323 827 4368 cum
849 4317 1009 4365 consensu
1028 4300 1159 4360 senatus
1181 4291 1282 4379 huJus
1305 4289 1433 4359 civitatis

151 4422 379 4502 processerunt
399 4415 434 4480 in
457 4411 579 4480 curiam
589 4409 873 4496 Neo-Pragensem
896 4401 1045 4469 dominus
1060 4398 1083 4465 J
1084 4417 1206 4463 oannes
1220 4394 1359 4463 Hlawsa
1373 4413 1434 4462 cun

154 4520 250 4588 sociis
273 4515 334 4606 (ibi
355 4520 442 4584 enim
472 4520 542 4608 jam
565 4514 778 4583 communitas
800 4515 997 4597 congregata
1018 4501 1103 4590 fuit),
1127 4509 1160 4566 et
1180 4501 1345 4569 intrantes
1366 4505 1434 4570 inter

151 4625 416 4691 communitatem
439 4624 510 4690 sine
521 4624 610 4690 omni
621 4643 712 4688 mora
723 4615 935 4686 amicabiliter
946 4609 1019 4676 illos
1030 4604 1300 4693 omnesuallocuti
1311 4608 1434 4689 fuerunt,

146 4727 296 4798 breviter
322 4726 530 4799 insinuantes
559 4725 634 4797 illas
657 4733 769 4794 contra
790 4743 827 4790 se
856 4727 889 4788 et
909 4736 1022 4784 omnes
1051 4711 1133 4780 alios
1156 4711 1275 4781 exules
1305 4714 1433 4797 insidias,
