2946 5086
1319 173 1361 238 31

74 366 145 412 rum
174 341 405 425 adversitates,
429 338 548 428 quibus
581 338 673 404 varie
707 338 821 405 afflicti
842 339 981 421 fuerunt,
1005 338 1166 426 impedire
1191 364 1230 407 ac
1252 340 1367 409 tollere

74 451 237 534 'oluerunt
275 447 363 537 quod
399 447 526 512 efficere
564 446 795 532 nequiverunt3
832 445 897 509 imo
934 453 1024 509 tanta
1057 445 1132 511 odie
1166 445 1253 532 apud
1276 446 1359 513 Ger-

74 576 175 621 manos
196 561 313 619 contra
333 550 497 617 Bchemos
520 549 657 631 fuerant,
679 559 715 613 ut
737 550 834 614 etiam
849 549 964 615 horum
979 548 1083 613 solum
1098 571 1215 615 nomen
1231 548 1354 633 audire,

74 659 207 746 graviter
238 656 372 737 ferrent,
399 653 464 720 hoc
493 651 722 739 probaverunt,
754 664 906 739 spuentes
929 652 964 716 in
986 651 1086 717 facies
1110 674 1230 735 eorum,
1254 663 1286 717 et
1306 652 1354 717 in-

74 760 138 829 hmo
159 759 281 827 infami
317 758 389 822 loco
422 756 496 821 illos
526 755 760 843 adjudicantes,
784 754 1133 819 excommunicationes
1167 756 1264 820 etiam
1299 778 1357 843 pa·

74 864 156 953 pales
192 883 291 949 super
322 859 396 926 illos
428 868 648 946 procurantes,
682 858 746 922 imo
779 858 866 924 bella
887 866 920 922 et
940 858 1004 923 alia
1036 858 1122 925 mala
1154 858 1361 927 meditantes.

74 966 156 1033 Deus
178 987 259 1031 vero
282 962 496 1050 omnipotens,
518 971 652 1027 aeterna
675 961 846 1049 sapientia,
870 962 922 1027 cui
943 972 1054 1028 notum
1077 971 1135 1045 est,
1160 961 1299 1048 quando,
1322 970 1356 1027 et

74 1092 125 1157 per
155 1090 253 1157 quern
284 1065 488 1131 mirabilibus
521 1064 675 1130 remediis
710 1064 818 1150 legem
841 1074 874 1130 et
904 1066 1074 1131 veritatem
1098 1087 1190 1130 suam
1212 1058 1362 1131 stabilire

79 1172 195 1256 debeat,
218 1194 262 1237 ex
284 1170 351 1235 suis
374 1167 494 1233 divinis
521 1167 723 1232 inexhaustis
745 1167 908 1254 mysteriis
931 1167 1037 1232 subito
1058 1167 1222 1232 hominem
1244 1189 1356 1255 supra·

80 1276 222 1364 scripturn
244 1271 431 1353 destinavit,
453 1280 490 1335 ut
511 1270 591 1335 illud
613 1270 769 1358 perficiat,
791 1293 830 1335 ac
851 1294 910 1359 per
925 1273 1089 1337 notionem
1118 1272 1201 1358 legis
1223 1282 1256 1337 et
1278 1273 1361 1338 veri·

79 1380 142 1445 tatis
172 1386 289 1465 gentes
311 1386 442 1441 exteras
464 1373 507 1439 de
530 1373 686 1439 caecitate
708 1375 842 1461 antiqua
869 1385 901 1440 et
922 1376 1065 1443 tenebris
1088 1376 1215 1459 educat,
1249 1385 1281 1441 et
1312 1376 1357 1442 ad

77 1481 168 1549 lucem
200 1502 326 1563 veram,
361 1500 443 1564 quae
476 1474 626 1542 christus
648 1476 809 1543 Dominus
833 1488 892 1561 est,
929 1490 961 1543 et
994 1480 1048 1544 via
1070 1488 1160 1545 certa
1182 1479 1301 1545 veritas
1323 1488 1357 1545 et

77 1586 140 1670 vita,
160 1584 337 1673 perducat3
372 1579 472 1645 talem
493 1602 563 1645 rem
585 1580 712 1657 miram,
746 1603 809 1645 nec
830 1581 1029 1664 Bernardus‚
1063 1604 1125 1647 nec
1153 1582 1356 1667 Dominicus,

76 1688 292 1777 Hieronymus,
314 1693 371 1751 aut
391 1684 632 1767 Beneventura,
655 1706 717 1748 nec
731 1684 937 1768 Franciscus,
959 1686 1169 1771 Benedictus,
1191 1710 1254 1752 nec
1268 1686 1355 1753 Tho·

77 1812 134 1859 nte
164 1814 241 1859 curn
274 1786 425 1856 omnibus
461 1786 528 1853 suis
561 1786 741 1870 monachis,
776 1788 947 1876 episcopis,
981 1788 1034 1854 vel
1056 1789 1139 1855 alius
1163 1791 1357 1856 conditionis

76 1894 246 1965 hominibus
268 1917 289 1961 a
309 1893 462 1982 pontifice
483 1890 665 1957 benedictis
695 1892 882 1974 effecerunt,
908 1901 940 1957 et
963 1893 1089 1957 11111111
1111 1894 1145 1959 in
1168 1894 1360 1981 quibusdam

77 1997 115 2067 his
141 1999 246 2089 (quod
276 1998 402 2076 nescio)
433 1995 592 2083 quaedam
617 1995 1255 2081 111111111111111111111111111111,
1278 2007 1356 2065 tnnc

79 2104 182 2171 iohac
202 2105 273 2170 vita
294 2102 434 2167 fructum
457 2099 520 2165 sibi
542 2098 692 2186 ipsismet
721 2099 873 2182 tulerunt,
895 2101 1053 2187 proximis
1068 2111 1177 2167 autem
1200 2103 1266 2167 suis
1289 2124 1356 2169 non

77 2208 259 2295 profuerunt,
284 2206 437 2291 dogmate
460 2212 493 2269 et
514 2201 692 2268 directione
713 2202 756 2267 ed
778 2225 890 2269 veram
911 2203 1011 2269 fidem
1034 2203 1156 2270 Christi
1179 2206 1359 2273 secundum

78 2307 165 2399 legam
187 2313 278 2400 ejus3
309 2310 393 2375 sicut
419 2308 583 2373 Lutherus
604 2304 701 2372 modo
725 2316 758 2371 et
781 2308 950 2394 juvamine
977 2308 1087 2373 divino
1117 2310 1263 2397 profecit,
1294 2333 1361 2378 non

79 2432 122 2483 toa
149 2437 216 2481 nec
249 2412 412 2480 diabolice
445 2411 573 2494 virtute,
611 2410 705 2498 (alios
729 2411 866 2476 daemon
889 2413 961 2496 ipse
984 2411 1046 2476 sibi
1081 2416 1261 2480 contrarius
1285 2437 1358 2481 esse

80 2514 212 2607 deberet)
237 2517 298 2583 esd
317 2518 440 2583 virtute
462 2515 584 2598 divina,
618 2537 715 2602 quam
737 2514 829 2580 Deus
852 2514 957 2579 eidem
980 2525 1013 2580 11
1040 2516 1115 2581 aliis
1137 2519 1289 2603 gentibus
1310 2518 1359 2583 illi

77 2620 316 2691 tdhaerentibus
364 2619 537 2702 concessit,
579 2639 676 2706 quarn
708 2619 860 2686 virtutem
893 2641 1059 2706 nunquam
1091 2620 1250 2705 diabolus,
1295 2642 1359 2687 neo

76 2742 220 2815 sequaces
254 2725 343 2791 illius
376 2722 570 2806 habuerunt,
607 2745 673 2788 non
696 2722 819 2788 habent
838 2746 901 2788 nec
932 2722 1098 2791 habebunt
1121 2727 1155 2791 in
1178 2733 1358 2791 aeternum.

74 2825 170 2919 Aque
185 2829 331 2897 Lutherc
354 2826 446 2894 multi
476 2826 628 2892 monachi
651 2835 685 2893 et
706 2827 891 2893 sacerdotes
912 2827 1050 2895 Romani
1073 2831 1107 2894 in
1128 2830 1191 2895 hac
1214 2830 1357 2914 civitate,

74 2941 100 2999 et
126 2934 205 3001 alibi
226 2934 375 3000 notitiam
406 2931 612 3021 acquirentes
644 2953 704 3018 per
736 2931 864 2996 initium
899 2931 970 3018 ejus
1006 2935 1040 2997 in
1067 2933 1141 3019 lege
1175 2933 1287 2998 divina
1317 2932 1361 2999 ad

74 3054 137 3103 cum
158 3038 443 3121 convertebantur,
465 3034 637 3117 docebant,
662 3033 951 3112 concionabantur,
975 3044 1007 3100 et
1029 3037 1225 3120 scribebant,
1249 3060 1269 3101 a
1284 3038 1354 3125 qui·

74 3132 124 3207 bus
154 3142 251 3209 multi
282 3143 324 3209 de
347 3143 578 3209 communitate
611 3136 779 3219 saeculari,
812 3160 969 3224 pauperes
1003 3148 1036 3204 et
1057 3140 1176 3206 divites
1200 3141 1360 3220 homines,

74 3240 103 3309 'm
121 3247 309 3334 scriptione,
330 3247 474 3313 lectione
495 3255 529 3311 11
550 3249 583 3311 in
605 3245 678 3311 11111
702 3245 888 3331 exemplum
913 3255 1127 3334 sumpserunt.
1172 3249 1234 3313 His
1258 3251 1356 3315 etiam

74 3349 265 3439 temporibus
287 3350 322 3415 in
343 3349 454 3415 multis
475 3348 665 3436 regionibus
687 3350 769 3415 citra
790 3371 919 3414 ornnem
949 3351 1217 3417 consuetudinem
1240 3376 1359 3443 coepe·

74 3452 272 3521 1111111111
294 3453 501 3538 Waldenses,
524 3453 611 3541 quod
625 3454 773 3519 homines
795 3453 837 3518 de
851 3475 936 3519 novo
960 3454 1212 3540 baptizarentur,
1236 3467 1269 3522 et
1290 3480 1361 3524 car·

74 3571 125 3621 nes
154 3555 271 3623 diebus
301 3557 440 3624 Veneris
472 3557 689 3627 comederent
733 3558 880 3624 Tandem
912 3559 1039 3645 Pragae
1076 3561 1302 3645 processiones
1325 3573 1360 3627 11

77 3661 284 3747 111111111111
307 3667 503 3730 sacramenti
527 3666 671 3752 corporis
695 3664 828 3749 Christi,
852 3676 885 3732 et
906 3670 1138 3735 monstrantiae
1168 3670 1201 3734 in
1224 3669 1357 3757 quibus·

80 3756 141 3829 (1111
161 3765 310 3831 eeclesiis
332 3778 563 3853 cessaverunt,
592 3769 669 3835 inde
695 3771 831 3837 ulterius
854 3772 986 3859 quidam
1016 3772 1057 3839 de
1080 3774 1167 3839 clero
1189 3775 1225 3839 in
1247 3773 1357 3839 Bohe-

81 3863 141 3949 uir,
160 3870 355 3955 praesertim
369 3869 498 3958 Pragae
512 3873 594 3939 hoec
616 3875 727 3957 secuti,
750 3875 1023 3962 praedicaverunt
1042 3877 1179 3943 verbum
1201 3876 1256 3943 dei
1276 3875 1357 3943 fide·

83 3962 141 4035 liter
155 3972 252 4060 juxta
272 3972 380 4060 legem
402 3974 557 4059 divinam,
581 3979 652 4043 sine
676 3978 824 4044 omnibus
847 3980 1068 4047 additionibus
1093 3983 1258 4049 hominurn
1280 4003 1353 4069 par-

85 4072 265 4163 tratribus,
300 4076 377 4145 hinc
404 4078 471 4165 legi
505 4081 636 4147 divinae
658 4084 838 4165 contrariis,
874 4097 906 4151 et
936 4087 1034 4172 juxte
1066 4087 1152 4152 hanc
1174 4087 1356 4153 doctrinam

86 4180 569 4270 muneraliumeamseeuu,
588 4196 825 4273 processerunt,
849 4197 882 4253 11
906 4211 965 4276 111
987 4190 1136 4277 possibili
1157 4190 1258 4257 multa
1268 4191 1356 4257 mala

85 4280 259 4372 vitaverunt,
281 4297 314 4354 et
324 4288 366 4353 ed
378 4288 498 4355 bonum
512 4289 658 4355 inclinati
674 4301 757 4373 sunt,
769 4294 961 4378 praesertim
984 4295 1164 4381 supertluas
1177 4296 1209 4358 in
1223 4296 1352 4383 popinis

86 4390 253 4476 1111111111,
277 4413 333 4458 eas
354 4414 421 4459 non
442 4393 686 4481 frequentantes
709 4394 947 4461 imminuerunt.
970 4436 1001 4447 -
1020 4398 1084 4464 Hic
1099 4401 1222 4464 'iterum
1245 4403 1355 4489 singu·

88 4480 146 4557 bris
174 4496 265 4582 origo
299 4496 480 4563 discordiae
512 4499 673 4585 provenit,
706 4500 792 4565 inter
813 4500 882 4583 hos,
906 4512 938 4565 et
958 4502 1048 4586 illos,
1080 4506 1135 4591 qui
1158 4505 1239 4572 tales
1261 4517 1358 4596 potus

88 4594 258 4684 tendebant,
277 4600 363 4687 quod
374 4602 446 4689 jam
463 4624 537 4667 raro
552 4603 700 4669 homines
717 4624 773 4669 eos
789 4604 1076 4692 frequentaverint,
1090 4617 1202 4676 contra
1215 4610 1289 4676 illos
1311 4613 1361 4677 ira

90 4704 224 4789 11111111,
246 4703 324 4770 dum
345 4707 516 4792 pecuniam
539 4706 605 4774 illis
626 4706 662 4773 in
683 4708 809 4777 lucmm
831 4730 898 4777 non
928 4711 1116 4797 afferebant,
1146 4714 1294 4804 adeoque
1315 4714 1358 4783 de
