2946 5086
92 343 329 411 communitatis
350 364 409 431 per
430 343 525 430 regni
545 342 618 410 loca
637 344 736 427 misit,
756 340 937 408 intimando
959 360 1075 406 causas
1095 332 1166 428 ejus
1179 346 1292 405 ιοιιιιι
1309 359 1359 404 ιιι

91 449 196 517 exorti
215 446 359 533 dissidii,
382 449 479 514 ctiam
500 447 581 514 illud
601 470 661 515 nos
682 446 832 514 lubentes
846 445 1012 530 audimus,
1035 444 1124 534 quod
1157 468 1250 513 nunc
1266 467 1360 513 coram

91 553 272 622 Serenitate
295 550 361 618 Sua
380 551 472 635 illud,
495 550 582 640 quod
594 553 802 640 scripserunt,
823 548 995 616 nobisnon
1008 544 1180 638 imputent,
1205 551 1361 617 ·affrrman·

90 669 149 743 tes,
183 656 269 746 quod
304 657 339 722 in
371 655 423 722 his
458 654 561 723 literis
582 656 707 722 nullum
728 656 977 734 nominaverint,
1014 656 1080 722 nisi
1123 679 1184 724 nos
1217 657 1280 745 ipsi
1310 655 1363 720 sibi

19 822 24 831 .
90 784 255 831 ιιιιιιιιιιι
276 760 542 841 haecvellemus3
565 770 598 828 et
618 762 696 828 licet
717 763 814 829 etiam
836 762 918 829 haec
939 763 1150 849 affirmarent,
1180 787 1247 832 nen
1269 763 1360 831 eredi-

89 894 171 955 mus,
191 879 230 937 ut
244 872 334 959 juste
356 866 479 956 aliquid
501 866 609 933 simile
630 867 724 932 nobis
746 866 885 956 probare
906 879 1049 956 possent
1082 869 1187 936 Suam
1216 869 1360 937 Serenita-

88 985 155 1043 tem
176 977 335 1042 instanter
355 994 516 1060 rogamus,
538 980 576 1037 ut
596 971 677 1038 haec
706 971 863 1038 memoria
907 978 1037 1041 serrare
1070 971 1289 1062 dignentnr3
1297 995 1359 1038 nan

89 1081 137 1146 ita
157 1078 293 1151 evidens
316 1085 374 1161 est,
397 1098 456 1143 nos
477 1075 598 1143 nullius
618 1079 668 1143 rei
688 1076 764 1143 talis
787 1098 869 1142 esse
863 1098 965 1146 reos.
996 1077 1112 1165 Itaque
1133 1075 1278 1142 breviter
1304 1098 1358 1142 ιιι-

89 1184 185 1253 nibus
200 1205 311 1251 eorum
331 1180 425 1264 fictis,
449 1189 482 1246 et
502 1202 568 1246 non
562 1179 810 1291 probabilibus
832 1182 927 1248 dictis
959 1205 1019 1250 nos
1041 1182 1252 1271 opponimus,
1283 1187 1313 1245 et
1329 1200 1357 1244 ea

88 1311 255 1377 negamus,
288 1310 362 1354 cum
382 1283 505 1351 nullius
526 1268 575 1352 rei
599 1285 673 1352 talis
699 1284 834 1353 obnoxii
866 1296 900 1353 et
918 1289 968 1354 rei
990 1309 1109 1363 sumus,
1143 1307 1251 1373 neque
1277 1282 1357 1351 nobis

84 1395 174 1483 juste
194 1394 278 1460 haec
297 1390 430 1480 probari
458 1391 596 1478 possint.
631 1388 751 1457 Verum
785 1391 868 1457 haec
900 1390 1007 1457 adhuc
1039 1390 1189 1474 dicimus,
1221 1412 1280 1456 nos
1307 1411 1357 1455 ιιι

88 1499 210 1583 mirari,
232 1495 318 1585 quod
339 1503 407 1561 tam
427 1494 530 1561 multa
549 1494 633 1562 falsa
653 1505 766 1562 ιιιιιιι
786 1517 846 1563 nos
867 1496 944 1562 ficta
963 1493 1092 1580 fuerint,
1129 1516 1205 1561 cum
1225 1517 1289 1562 non
1302 1495 1356 1560 exi-

89 1624 196 1692 guam,
220 1601 278 1668 sed
300 1601 379 1667 satis
399 1599 540 1688 amplam
561 1620 631 1667 rem
654 1598 767 1668 contra
788 1622 847 1668 nos
862 1602 1100 1687 attentaverint,
1124 1594 1193 1669 toti
1208 1624 1356 1690 regnora·

90 1718 166 1788 tam,
188 1729 284 1797 quam
308 1704 447 1771 dicimus
469 1727 542 1772 esse
564 1714 678 1783 contm
694 1707 751 1794 jus
774 1713 806 1772 et
828 1705 1069 1772 ordinationem
1101 1717 1276 1775 ιιιοιιιιι
1306 1728 1354 1773 on·

89 1835 165 1879 nem
183 1810 353 1903 justitiam,
377 1831 450 1876 cum
472 1810 563 1900 prius
585 1833 645 1877 nos
667 1813 702 1876 in
724 1809 814 1876 nulla
835 1833 872 1875 re
893 1811 1125 1880 accusaverint
1146 1812 1202 1879 vel
1225 1812 1354 1901 culpave·

34 1913 50 1937 ⁵
89 1919 163 2002 rint,
186 1916 249 1984 hoc
270 1916 493 1984 demonstrare
513 1915 674 1998 volumus,
696 1915 725 1979 si
747 1913 844 1981 modo
864 1915 960 1981 nobis
973 1913 1057 1985 liber
1071 1915 1203 1983 auditus
1216 1917 1355 1983 admissus

89 2022 197 2105 fuerit,
230 2030 267 2087 ut
287 2023 397 2088 omnia
418 2020 507 2086 licite
527 2019 737 2109 proferreet·
715 2005 917 2085 tdeclarare
938 2020 1112 2107 possimus.
1145 2012 1211 2087 Pro
1234 2020 1355 2110 quobu-
1379 2044 1382 2051 ·

90 2125 226 2193 millime
251 2125 350 2193 Suam
366 2125 570 2214 Majestatem
591 2124 728 2225 Regiam
751 2132 785 2192 et
805 2123 927 2191 obnixe
948 2145 1130 2213 precamur,
1152 2125 1352 2193 ubiinnocer·

91 2232 170 2303 tiam
190 2216 334 2297 noemam
349 2228 641 2296 demonstrabimus
663 2237 696 2296 et
716 2220 919 2296 confidemus
926 2229 1092 2297 ·inDeum
1120 2233 1352 2352 omnipotentem

91 2345 124 2402 et
135 2335 235 2403 Suam
255 2334 459 2424 Majestatem
470 2335 618 2421 Regiam,
642 2332 728 2423 quod
750 2356 876 2453 preces
873 2343 1013 2402 ιιιιιιιι
1035 2334 1142 2402 audiri
1164 2345 1199 2405 ιι
1219 2336 1351 2403 innocen·

90 2440 168 2508 tiam
190 2439 322 2591 probari
343 2439 571 2508 obtinebimus

625 2647 771 2716 CAPUT
792 2649 846 2716 35.

176 2761 297 2838 Inque
319 2761 450 2840 ponitur,
485 2759 632 2837 quomodo
663 2759 868 2837 unnsquisque
903 2759 1021 2820 illorum
1054 2758 1303 2821 incarceratorum
1326 2757 1349 2814 in

89 2864 219 2925 persona
240 2849 361 2926 propria
384 2846 573 2927 singulariter
593 2847 792 2907 innocentiam
814 2866 898 2908 suam
918 2847 1119 2907 insinuaverit
1140 2852 1178 2928 ιι
1191 2843 1352 2928 probaverit,

94 2940 124 2992 et
144 2934 264 2993 tandem
288 2934 425 3012 qualiter,
458 2941 488 2992 ct
510 2953 568 3010 quo
590 2953 679 2994 ιιιιιιι
699 2933 933 2994 informationem
956 2951 1040 2992 suam
1062 2918 1235 2993 claudentes
1269 2933 1350 3016 linive

42 3016 45 3021 ’
103 3019 195 3094 ιιιι,
217 3020 309 3080 simul
330 3021 418 3081 etiam
440 3021 586 3098 quomodo
608 3021 680 3098 regi,
699 3020 831 3105 principi
853 3029 882 3080 et
903 3021 1046 3110 ablegatis
1068 3021 1184 3098 gratias
1208 3041 1244 3100 cg
1226 3010 1323 3080 verint.

174 3136 264 3204 Dum
285 3136 366 3204 baec
379 3138 496 3226 itaque
519 3135 725 3223 singulariter
745 3138 861 3204 iterum
881 3136 1091 3225 protulissent
1124 3145 1158 3203 ιι
1179 3139 1213 3203 ιι
1246 3131 1352 3225 aequali

90 3263 190 3310 sensu
212 3264 285 3310 cum
307 3244 415 3332 priore
436 3241 656 3308 innocentiam
678 3263 770 3306 suam
791 3239 1077 3326 demonstrassent,
1107 3241 1150 3307 ad
1167 3242 1319 3331 judicium
1331 3243 1354 3301 ιι

88 3345 253 3435 publicam
287 3346 484 3417 audientiam
507 3368 542 3412 ιι
575 3353 779 3430 revocarunt,
814 3353 846 3411 ιι
876 3330 990 3434 poenis
1022 3367 1057 3411 se
1090 3345 1309 3424 subdiderunt,
1335 3339 1355 3405 ti

89 3449 272 3519 indebitum
293 3449 424 3539 aliquod
445 3436 512 3516 illis
542 3450 675 3539 probari
695 3451 844 3540 potuerit,
868 3450 934 3515 'ubi
964 3459 1086 3516 tamen'
1104 3473 1182 3538 pars
1205 3447 1356 3540 *cornaria

91 3556 211 3624 similia
234 3559 322 3624 omni
345 3567 490 3645 tempore
511 3557 649 3640 reticuit,
673 3554 731 3622 sed
753 3556 884 3621 omnino
907 3555 1090 3621 audientiae
1109 3551 1354 3644 resistebatpub·

90 3659 190 3748 neae,
211 3661 441 3750 particularem
469 3661 568 3728 talem
589 3659 787 3744 audientiam
808 3661 847 3743 in⁴
861 3648 1022 3749 judicium
1044 3650 1232 3753 permutare
1252 3652 1357 3738 volens,

88 3765 123 3830 in
146 3786 209 3852 quo
230 3766 361 3853 ipsimet
382 3765 445 3832 sibi
472 3763 717 3847 attestabantur,
731 3770 735 3780 '
750 3765 909 3830 actionem
938 3763 1147 3852 judiciariam
1170 3773 1283 3831 contra
1300 3761 1359 3829 illos

90 3877 272 3954 moventes,
308 3868 366 3936 sed
387 3872 560 3959 nunquam
573 3869 615 3936 ad
632 3888 635 3894 ·
639 3868 800 3960 judicium
821 3867 894 3934 illos
915 3866 1086 3955 vocantes,
1122 3868 1180 3960 ubi
1202 3870 1358 3958 diligenter

89 3974 267 4042 notandum
289 3976 387 4060 venit,
419 3997 515 4064 quam
542 3977 698 4064 injustum
721 3983 753 4040 et
774 3973 1013 4040 fraudulentum
1035 3972 1163 4040 Passek
1186 3997 1261 4041 cum
1281 3978 1357 4062 parte

89 4079 153 4149 sibi
174 4078 372 4147 adhaerente
393 4078 542 4146 habuerit
562 4081 772 4168 propositum,
795 4077 882 4164 quod
893 4099 1010 4165 nempe
1022 4100 1042 4143 a
1055 4079 1217 4168 principio
1239 4074 1357 4146 actionis

88 4206 191 4272 usque
213 4183 253 4251 ad
288 4183 386 4250 finem
415 4205 579 4272 nunquam
600 4183 644 4253 ad
665 4182 870 4272 probationes
890 4178 1023 4273 'suarum
1044 4205 1205 4270 nugarum
1220 4184 1358 4251 ,fictarum

89 4299 201 4371 contra
223 4291 439 4357 incarceratos
461 4289 515 4355 vel
537 4311 771 4379 quemcumque
792 4287 891 4354 aliurn
909 4310 945 4354 sc
969 4288 1184 4369 revocaverit,
1206 4297 1359 4379 praeterea

88 4390 132 4463 ad
153 4389 274 4482 poenas
296 4393 412 4479 nullas,
436 4392 478 4461 cb
500 4414 567 4459 non
587 4393 830 4482 productionem
853 4392 977 4478 horum,
993 4389 1059 4459 ‘res
1083 4392 1262 4481 devenerit,
1291 4393 1360 4460 sicut

90 4510 226 4594 egerrmt
246 4501 376 4592 captivi,
411 4507 444 4565 et
475 4498 535 4581 alii¹
551 4499 599 4565 in·
618 4498 808 4587 probatione
840 4497 1069 4577 refutationum
1104 4521 1237 4568 suarum
1268 4514 1359 4586 neque

86 4611 170 4678 baec
190 4609 226 4674 in
246 4606 312 4673 ullo
334 4606 447 4672 horum
468 4602 624 4671 librorum
644 4613 700 4670 aut
720 4604 862 4692 capitum
882 4605 1101 4672 inveniuntur.

158 4713 252 4785 'Post
271 4710 353 4779 haec
373 4707 504 4778 ιιιιιιιιι
525 4715 599 4777 acta
619 4715 653 4777 et
674 4707 761 4778 dicta
778 4707 903 4805 ¹captivi
925 4710 1138 4800 sequentibus
1158 4700 1252 4786 suam
1271 4711 1359 4787 intor-

107 5012 150 5044 A
