2946 5086
33 234 36 241 .
112 178 175 252 160

107 378 203 445 quarn
236 355 418 443 Pragenses
452 353 583 419 domum
620 353 825 444 redivissent,
859 360 909 426 his
938 383 1004 426 non
1035 350 1188 438 conteuti,
1223 362 1292 429 alia
1324 362 1408 429 mala

106 460 148 526 de
169 460 234 526 illis
258 459 404 548 expulsis
426 458 574 524 meditati
596 459 735 547 fuerunt,
758 472 793 530 ut
824 486 943 553 nempe
966 465 1080 531 saltem
1102 465 1219 532 nullibi
1243 468 1280 535 in
1301 468 1404 535 Bohe-

105 570 171 634 mia
192 568 377 652 tolerentur,
413 569 507 633 aliter
529 577 639 634 autem
672 569 753 635 illud
776 570 906 637 efficere
937 592 1003 636 non
1025 579 1209 658 potuerunt,
1245 572 1309 637 nisi
1331 582 1402 638 uta

106 673 299 762 quibusdam
338 681 464 738 tanturn
497 675 598 761 regiis
634 674 819 742 civitatibus
853 674 981 760 absint,
1012 674 1136 760 aliquot
1158 676 1247 740 enim
1279 675 1321 742 de
1342 676 1399 744 illis

101 777 172 866 jam
194 778 236 843 ad
258 777 346 844 bona
368 776 572 863 quorundam
588 800 760 867 procerum
783 800 819 844 se
841 786 1035 867 receperunt
1057 786 1090 843 et
1105 776 1152 844 ibi
1168 777 1398 864 habitaverunt,

104 882 182 947 inde
202 883 417 970 Pragensium
440 885 658 969 arrogantiam
683 884 874 971 effugerunt.
909 883 1066 965 Quamvis
1091 884 1178 949 enim
1201 882 1397 970 diligentiam

104 986 334 1074 impenderint,
367 995 404 1052 ut
427 988 524 1052 etiam
547 985 667 1053 abinde
701 987 914 1077 expellantur,
949 996 981 1053 et
1014 1006 1087 1052 cum
1114 985 1213 1052 modo
1237 987 1346 1053 debito
1368 1009 1396 1052 sa

105 1112 270 1178 opponere
292 1112 358 1156 non
380 1093 552 1180 potuerint,
576 1095 667 1158 utin
691 1092 885 1181 quibusdam
916 1090 1101 1157 civitatibus
1124 1089 1234 1156 locum
1254 1090 1396 1172 habitati-

104 1198 178 1262 onis
198 1197 347 1262 invenire
369 1198 504 1284 possint,
526 1206 759 1287 persuaserunt
790 1195 950 1287 parochos
972 1217 1031 1284 per
1060 1196 1171 1262 literas
1201 1195 1396 1285 administra·

104 1300 183 1364 toris
206 1322 347 1384 severas,
381 1303 473 1367 utin
496 1301 708 1368 concionibus
732 1311 845 1368 contra
874 1300 948 1366 illos
970 1299 1171 1390 praedicent,
1201 1309 1302 1390 atque
1323 1303 1399 1367 inter

104 1403 260 1492 populum
282 1405 316 1469 in
348 1393 458 1472 odium
491 1406 664 1491 deducant,
695 1415 792 1495 prout
825 1406 921 1472 etiam
954 1404 1148 1493 quibusdam
1181 1404 1304 1472 factum
1335 1405 1397 1471 fuit

106 1506 317 1588 Quarundam
347 1531 425 1575 vero
461 1512 627 1577 civitatum
663 1520 807 1585 rectores
836 1509 894 1576 illa
926 1508 1098 1575 admittere
1130 1509 1315 1596 noluerunt,
1348 1509 1399 1576 sed

105 1612 237 1680 eosdem
271 1612 506 1695 defenderunt3
546 1615 623 1681 dum
662 1616 762 1704 igitur
795 1616 991 1702 Pragenses
1016 1613 1126 1680 debite
1160 1623 1192 1680 et
1219 1617 1310 1704 juste
1339 1612 1398 1679 illis

105 1716 221 1782 obesse
243 1738 309 1781 non
331 1725 516 1805 potuerunt,
539 1743 598 1808 per
620 1719 916 1786 administratorem
939 1728 972 1785 et
994 1718 1116 1785 clerum
1137 1728 1263 1786 tantum
1288 1720 1394 1785 effece-

107 1827 192 1896 runt,
217 1819 303 1906 quod
326 1821 424 1886 etia'm
446 1822 526 1890 alibi
549 1825 658 1911 quiete
682 1833 715 1890 et
737 1824 912 1890 concordia
925 1824 1042 1912 privati
1063 1823 1202 1909 tuerint3
1226 1847 1304 1891 nam
1324 1820 1397 1889 illud

103 1925 137 1989 in
159 1923 317 1990 Bohemia
338 1924 460 2014 ubique
490 1928 660 1995 dilatatum
684 1930 752 1995 tuit.
800 1929 836 1996 Si
869 1951 946 1995 vero
969 1930 1004 1993 in
1038 1926 1234 2016 quibusdam
1267 1928 1348 1995 locis
1368 1925 1396 1992 id

104 2039 290 2117 susceptum
311 2032 470 2115 nonfuit,
494 2032 568 2098 illos
592 2056 651 2121 pro
678 2034 820 2099 inimicis
844 2032 1036 2116 habuerunt,
1060 2042 1093 2098 et
1115 2033 1156 2098 ad
1180 2054 1294 2120 regem
1315 2032 1420 2123 doru-¹

103 2132 220 2214 lerunt,
256 2132 342 2220 quod
364 2133 495 2201 illorum
530 2137 683 2203 inimicos
710 2137 883 2203 detineant
925 2147 958 2204 et
985 2138 1127 2205 foveant.
1171 2137 1267 2203 Haec
1300 2128 1423 2203 omnia¹

101 2245 231 2323 praeter
260 2236 462 2306 voluntatem
486 2240 610 2307 domini
644 2243 697 2306 sui
718 2244 806 2329 regis
837 2241 924 2308 facta
945 2242 1085 2325 fuerunt,
1098 2261 1287 2330 ⁴,nunquam
1320 2240 1396 2306 enim

102 2340 166 2406 tale
187 2340 375 2409 mandatum
397 2345 510 2413 datum
531 2346 601 2430 fuit,
625 2356 662 2413 ut
684 2356 818 2436 practer
840 2347 979 2435 Pragam
1003 2345 1097 2412 etiam
1121 2345 1201 2413 alibi
1223 2346 1292 2413 illis
1313 2344 1394 2413 habi·

102 2450 179 2515 tatio
202 2450 423 2516 interdicatur.
1072 2472 1075 2477 ·

656 2641 803 2708 CAPUT
825 2642 877 2709 24.
948 2628 950 2631 ⁵

100 2820 139 2877 In
162 2838 221 2903 quo
251 2818 439 2893 describitur,
474 2823 545 2881 dum
570 2822 737 2900 Pragenses
768 2822 832 2901 sine
865 2823 927 2881 ullo
964 2819 1070 2881 effectu
1092 2820 1180 2880 Buda
1212 2819 1392 2892 redivissent,

102 2907 184 2982 quali
205 2927 315 2985 pompa
338 2927 388 2967 eos
412 2909 571 2968 domestici
596 2910 847 2987 exspectaverint,
870 2915 1012 2985 quantam
1026 2906 1250 2986 processionem
1271 2908 1392 2968 institue·

100 2993 169 3066 rint,
191 2993 223 3051 in
247 3014 307 3070 qua
329 2996 368 3053 ad
389 2994 565 3072 petitionem
586 2996 732 3074 principis
768 3015 884 3055 omnem
908 3015 991 3055 suam
1022 2994 1184 3073 potentiam
1207 2995 1238 3054 in
1260 2995 1393 3055 armisst

100 3080 255 3150 tormentis
278 3088 531 3157 monstraverunt,
554 3084 630 3142 illud
651 3084 683 3141 in
705 3085 845 3144 honorem
868 3091 897 3142 et
917 3083 1036 3142 laudem
1048 3081 1172 3142 Domini
1184 3081 1245 3141 Dei
1267 3089 1391 3161 agentes.

185 3198 361 3286 Postquam
383 3199 485 3286 igitur
507 3201 745 3287 praenominati
767 3201 873 3265 nuntii
896 3208 929 3265 et
944 3197 1088 3288 ablegati
1109 3222 1129 3264 a
1149 3214 1228 3288 rege
1251 3221 1295 3277 ex
1308 3198 1390 3264 Hun-

99 3302 200 3388 garia,
225 3305 294 3369 sine
306 3303 385 3381 ullo,
408 3302 481 3369 Deo
498 3305 561 3369 sint
572 3304 695 3389 laudes,
715 3306 830 3370 effectu
842 3303 1047 3389 redivissent,
1061 3304 1302 3396 eosPragensis
1316 3324 1392 3369 com·

98 3408 240 3474 munitas
262 3417 418 3475 venturos
441 3429 594 3494 sperans,
618 3409 672 3475 die
693 3409 797 3490 Jovis,
821 3432 937 3499 nempe
960 3410 994 3474 in
1014 3409 1095 3476 festo
1119 3406 1393 3498 corporisOhristi

98 3513 177 3579 anni
197 3513 442 3600 praenominati,
467 3535 550 3600 quae
565 3513 742 3580 solennitas
765 3513 825 3578 fuit
846 3515 881 3579 in
896 3512 1024 3579 festoS.·
1036 3513 1103 3579 Viti
1128 3510 1392 3601 (latuerant),

103 3638 175 3684 cum
199 3615 453 3685 consolabilibus
476 3616 649 3683 novalibus
672 3619 883 3704 exspectavit.
913 3616 1019 3706 Hujus
1043 3622 1129 3682 enim
1151 3618 1288 3684 actionis
1312 3617 1393 3700 socii,

100 3724 237 3818 praelati
258 3743 376 3809 nempe
398 3723 483 3786 arcis
499 3723 686 3808 Pregensis,
705 3723 776 3810 jam
798 3722 855 3788 illa
877 3721 930 3788 die
945 3711 1154 3806 advenerant,
1177 3743 1244 3788 non
1265 3743 1391 3810 exspec-

100 3841 204 3900 tantes
224 3826 353 3894 Gallum
377 3825 672 3891 administratorem
694 3825 881 3892 inferiorem
903 3848 976 3891 cum
999 3825 1085 3892 clero
1109 3847 1176 3907 suo,
1200 3848 1308 3913 neque
1321 3826 1391 3891 Pra·

99 3957 227 4025 genses,
250 3929 431 3997 sinedubio
455 3929 972 4019 excausa,quiajamhaecunio
986 3951 1096 3995 eorum
1119 3930 1391 3997 etamicitiafalse

101 4041 261 4131 promissa
283 4035 441 4104 cessabat.
462 4034 601 4101 Romani
625 4036 712 4101 enim
734 4035 799 4101 illis
823 4056 953 4101 causam
969 4033 1207 4119 adscribebant,
1231 4035 1319 4133 quod
1340 4034 1389 4102 hic

100 4154 254 4212 tractatus
278 4150 311 4209 11
332 4142 416 4208 actio
438 4139 526 4229 apud
548 4140 692 4228 legatum
715 4141 878 4227 pontificis
900 4162 960 4229 per
981 4139 1055 4206 illos
1088 4137 1265 4228 impeditus
1287 4140 1389 4219 fuerit,

101 4252 177 4338 quia
198 4249 371 4315 noluerunt
392 4267 555 4327 revocare⁴
582 4246 842 4311 communionem
866 4246 1060 4311 sacramenti
1077 4243 1138 4309 sub
1162 4252 1302 4334 utraque
1324 4263 1390 4333 spe·

101 4356 160 4421 cie.
204 4354 385 4442 Pragenses
417 4351 590 4419 varoilles
614 4373 699 4434 ‚oum
730 4349 866 4416 notabili
889 4349 1007 4437 gaudio
1042 4358 1326 4438 exspectaverunt,
1356 4357 1389 4414 ut
1419 4374 1422 4383 ·

98 4459 165 4525 illis
188 4457 317 4525 obviam
327 4456 619 4548 processionaliter,
644 4457 737 4543 quasi
749 4456 813 4544 ipsi
834 4457 914 4542 regi,
937 4454 1122 4543 procedant.
1144 4454 1199 4521 Illi
1212 4446 1292 4522 vero
1310 4454 1388 4521 hanc

100 4562 187 4630 diem
209 4562 412 4650 negligentes
437 4563 539 4651 (certe
560 4561 644 4646 ideo,
670 4562 832 4649 quianon
854 4544 1045 4644 habuerunt,
1078 4557 1195 4647 quibus
1218 4558 1293 4624 illos
1316 4581 1389 4631 con·

100 4667 253 4751 solentur,
277 4676 310 4733 et
331 4669 407 4752 quia
417 4689 483 4732 non
494 4667 625 4732 fuerunt
635 4666 813 4754 promeriti,
825 4672 861 4731 ut
873 4673 939 4729 tam
950 4663 1165 4731 amicabiliter
1185 4661 1252 4729 illis
1265 4663 1391 4731 obviam

81 4770 291 4860 procedant)
310 4771 422 4864 primo
436 4770 542 4842 altera
561 4770 626 4858 die,
646 4758 766 4862 nempe
788 4769 842 4838 die
860 4768 1000 4839 Veneris
1016 4768 1072 4858 (16
1082 4765 1172 4856 Jun.)
1186 4767 1331 4858 Pragam
1343 4765 1384 4837 ad
