2946 5086
90 128 154 199 218

90 306 268 374 christiana
305 317 338 375 et
359 312 519 401 scriptura
541 332 642 399 sacra,
676 320 710 380 ct
730 312 786 402 qui
805 313 970 381 hominum
1002 310 1085 378 baec
1116 307 1262 394 credunt,
1294 305 1369 396 quod
1414 313 1416 375 i

91 433 205 479 omnes
224 412 375 482 aberrent
396 425 428 482 et
449 416 532 484 falsa
552 417 680 504 dicant3
694 480 697 487 ,
712 441 823 485 venum
846 417 932 507 quod
954 421 996 484 sit
1016 415 1050 482 in
1081 421 1281 482 sacramento
1300 412 1367 479 visi·

88 516 147 585 bili
167 519 288 605 virtuto
309 541 367 587 sua
390 523 566 589 secundum
588 523 846 591 constitutionem
868 523 938 611 ejus
958 524 994 589 in
1015 544 1117 589 coena
1137 520 1260 587 ultima
1292 516 1369 584 Ocu·

88 634 220 693 vertens
243 644 279 688 se
301 633 408 690 autem
429 626 472 691 ad
493 627 649 715 populum
671 629 942 712 circumstantem,
976 626 1074 692 dixit:
1104 624 1279 710 Carivmei,
1310 650 1368 694 non

74 729 227 818 ‘judicate
249 750 301 795 me
323 728 474 796 infamem
505 730 589 798 hanc
610 741 746 798 mortem
780 741 813 797 et
834 732 1027 823 supplicium
1055 730 1097 798 ob
1131 732 1256 819 aliquid
1289 731 1369 798 aliud

89 835 257 917 sustinere,
291 843 347 899 ant
368 833 465 899 aliam
494 857 624 901 cansam
657 837 768 902 mortis
803 858 896 902 meae
926 859 1008 920 esse,
1030 859 1128 923 quam
1160 837 1258 924 hanc,
1292 840 1369 929 quod

87 937 245 1003 noluerim
261 938 417 1029 profitere
438 939 482 1004 ad
503 938 742 1030 beneplacitum
773 939 985 1023 sacerdotum,
1013 941 1099 1029 quod
1129 943 1164 1008 in
1189 943 1301 1010 altaris
1323 966 1369 1009 sa·
1414 990 1416 1001 ·

87 1051 250 1107 eramento
273 1064 370 1107 verus
393 1044 435 1108 ait
454 1042 547 1109 Deus
569 1044 791 1131 personaliter,
827 1044 1080 1111 substantialiter
1112 1055 1146 1111 et
1178 1048 1214 1113 in
1236 1047 1369 1115 naturali

88 1169 145 1214 sua
168 1146 307 1213 arentia
340 1169 412 1213 cum
435 1151 581 1215 omnibus
614 1152 759 1240 corporis
791 1132 1004 1239 partibus⁸st
1034 1151 1229 1217 accidentiis
1253 1161 1324 1236 etc,
1345 1161 1372 1218 ot

35 1328 38 1335 ¹
88 1254 165 1340 quia
193 1255 421 1321 instructiones
452 1255 608 1340 quasdam
641 1258 807 1344 suscipere
835 1255 934 1333 nolui,
969 1277 1075 1342 neque
1101 1256 1267 1323 instruere
1300 1256 1373 1322 alios

87 1357 195 1444 volui;
218 1357 316 1426 credo
339 1380 427 1443 vero,
448 1368 546 1448 prout
561 1361 631 1447 jam
654 1369 750 1426 antea
772 1359 850 1426 dixi.
894 1358 1008 1425 Nullus
1030 1367 1138 1426 autem
1171 1361 1247 1448 pius
1272 1360 1374 1427 credat

90 1460 142 1528 his
166 1463 409 1551 sacerdotibus,
435 1473 509 1529 sunt
530 1466 617 1532 enim
637 1464 823 1547 mendaces,
845 1463 1043 1553 hypocritae,
1064 1486 1216 1551 nequam,
1241 1466 1374 1535 sodomi·

86 1575 149 1650 tae,
179 1568 310 1634 ruffiani
331 1579 364 1634 et
385 1568 580 1637 seductores.
624 1569 744 1636 Fateor
779 1569 886 1653 etiam,
919 1568 1006 1658 quod
1035 1567 1208 1643 adoanue
1233 1570 1375 1638 Kalenet

89 1676 348 1741 communionem
382 1677 589 1765 sumpserim,
622 1676 719 1741 etiam
751 1674 853 1740 altera
882 1673 955 1741 uice
987 1673 1029 1740 ab
1064 1672 1181 1740 eodem
1215 1673 1374 1766 baptisato

87 1777 214 1863 fuerim,
237 1781 313 1868 quia
333 1780 438 1869 primo
460 1779 620 1869 baptismo
641 1779 771 1867 privata
801 1778 849 1845 fui
871 1785 904 1844 et
924 1777 1106 1844 invalidum
1139 1799 1213 1844 esse
1230 1778 1373 1867 judicavi

87 1893 219 1972 propter
241 1884 353 1952 sordes
376 1896 408 1951 et
429 1884 683 1951 inordinationes
705 1885 907 1951 clericorum.
936 1881 1030 1949 lllam
1052 1885 1163 1970 itaque
1186 1892 1284 1950 extra
1304 1882 1373 1950 civi·
1414 1864 1416 1923 l

89 1997 187 2055 tatem
211 1989 253 2055 ad
275 1989 382 2056 locum
405 1991 559 2079 supplicii
580 1989 752 2073 duxerunt,
789 1997 822 2055 et
842 1988 920 2054 dnm
952 2010 1026 2054 cum
1056 1986 1172 2054 eadem
1202 1988 1249 2055 ad
1277 1989 1373 2056 locun

87 2091 225 2181 Tempel
245 2096 444 2161 nominatum
465 2096 642 2178 venissent,
665 2093 832 2160 admonuit
854 2115 927 2165 eam
944 2092 1060 2181 judex,
1082 2102 1123 2159 ut
1139 2091 1255 2159 flectat
1276 2114 1373 2159 coram

88 2197 284 2286 imaginibus
306 2200 428 2268 ibidem
449 2200 545 2288 pictis
568 2208 603 2268 et
621 2211 700 2283 oret,
734 2199 792 2264 illa
812 2220 888 2265 vero
910 2208 1094 2265 retroversa
1115 2197 1201 2265 iaeie
1224 2198 1326 2281 flexit,
1346 2207 1373 2264 et

90 2301 205 2370 levatis
227 2308 261 2372 in
284 2306 409 2373 coelum
424 2307 525 2373 oculis
540 2307 595 2395 pie
610 2307 724 2389 oravit,
747 2305 870 2388 dicens,
892 2303 1000 2370 Deum
1010 2305 1055 2369 iu·
1069 2302 1162 2369 coelo
1179 2325 1264 2389 esse,
1287 2310 1372 2393 quem

91 2409 194 2476 solum
215 2411 333 2478 intueri
348 2411 452 2497 decet,
475 2411 594 2483 sullam
616 2433 693 2478 vero
716 2410 813 2478 aliam
834 2411 1026 2497 imaginem3
1052 2408 1100 2474 sic
1116 2407 1269 2475 similiter
1282 2428 1373 2494 agens

92 2525 184 2583 extra
213 2519 377 2584 civitatem
397 2519 440 2584 ad
452 2516 634 2583 columnam
647 2515 769 2583 ibidem
785 2504 984 2597 collocatam,
1006 2535 1066 2600 par
1081 2521 1181 2579 totam
1194 2535 1276 2581 vero
1296 2514 1373 2580 aian

89 2623 143 2711 pie
166 2631 199 2689 et
219 2624 303 2689 laete
325 2625 491 2710 processit,
520 2623 562 2689 ad
585 2622 761 2688 Dominum
783 2621 891 2686 Deum
925 2641 1020 2685 orans
1042 2619 1214 2706 usquead
1235 2620 1371 2686 ultimum

90 2729 177 2794 vitae
200 2751 276 2794 suae
297 2737 504 2795 momentum.
548 2729 592 2795 Et
613 2729 659 2794 ita
680 2729 780 2795 vitam
795 2748 886 2792 suam
907 2724 942 2790 in
963 2746 1042 2812 rogo
1057 2746 1117 2815 per
1138 2727 1251 2810 ignem
1267 2724 1371 2791 finivit

174 2832 239 2915 Hic
260 2832 445 2899 addendum
468 2841 526 2917 est,
562 2832 697 2900 calicem
718 2833 821 2918 illum,
857 2852 985 2919 exque
1007 2830 1065 2895 illa
1086 2851 1107 2894 a
1127 2828 1279 2899 Kalene&
1300 2851 1372 2896 com·

91 2938 277 3021 municavit,
298 2939 400 3004 fuisse
422 2961 464 3004 ex
485 2938 585 3024 ligno,
607 2940 663 3026 qui
684 2937 831 3004 Kalened
853 2945 976 3004 certum
996 2956 1168 3002 numerum
1190 2926 1373 3002 franuniin

91 3040 156 3109 fide
178 3041 299 3120 babuit,
321 3044 433 3108 vinum
467 3053 499 3109 et
519 3065 637 3132 panem
671 3043 843 3111 benedixit
871 3051 904 3109 et
934 3039 1119 3108 hominibus
1149 3039 1318 3109 distribuit
1345 3040 1373 3105 in

92 3147 253 3228 domibus,
286 3150 357 3214 sine
379 3150 466 3216 omni
487 3149 579 3216 titulo
603 3149 777 3215 sacerdotii
807 3157 840 3213 et
864 3149 958 3234 signo
992 3166 1133 3211 coronae
1153 3145 1197 3213 ab
1221 3138 1374 3236 episcopis

91 3254 245 3327 Romanis
268 3255 365 3340 dato,
388 3265 483 3343 prout
505 3254 546 3320 de
569 3254 683 3320 eodem
699 3257 770 3344 jam
792 3255 827 3319 in
849 3254 954 3340 prima
975 3241 1076 3341 parte
1089 3272 1162 3339 cap.
1186 3252 1231 3318 22
1266 3251 1375 3319 dicum

93 3358 163 3438 fnit,
186 3368 283 3449 quem
306 3360 441 3428 calicem
465 3359 612 3427 carnifex
625 3357 776 3429 auferens
798 3358 833 3424 in
844 3379 958 3450 rogum
974 3357 1092 3448 posuit,
1116 3365 1150 3423 et
1171 3378 1249 3427 cum
1261 3355 1376 3425 Meus

97 3464 282 3551 combussit

624 3658 843 3727 11111111.
997 3722 1000 3729 .

98 3827 135 3886 In
157 3847 216 3906 quo
238 3834 379 3887 narratur
401 3825 438 3884 de
460 3824 589 3884 adventu
610 3822 688 3900 regis
711 3820 902 3896 Ferdinandi,
924 3838 992 3881 cum
1014 3837 1069 3878 sua
1092 3819 1267 3880 conthorali
1280 3819 1312 3878 in
1329 3817 1377 3876 Bo·

95 3915 212 3979 hemiae
232 3933 369 3992 ragnum,
391 3912 480 3972 simul
502 3911 539 3969 de
560 3909 912 3985 coronationeejusdem‘
925 3906 1007 3984 regis
1030 3913 1060 3964 et
1081 3906 1215 3983 reginae.
1249 3901 1327 3968 Item
1347 3901 1377 3961 ad

98 4019 203 4082 preces
225 4007 255 4057 at
276 3999 524 4078 supplicationem
545 3997 743 4074 relegatorum
764 4015 818 4054 rex
848 3996 891 4055 eis
914 3993 1048 4053 concedit
1070 3993 1191 4052 salvum
1211 3995 1379 4055 conductum

97 4096 256 4165 portotum
277 4105 403 4163 regnum
425 4092 529 4144 contra
550 4102 667 4143 omnem
688 4083 869 4142 violentiam.
893 4081 1007 4141 Eodem
1028 4089 1165 4157 temporo
1195 4082 1378 4161 separante

96 4173 353 4237 incarceraverunt
375 4173 519 4249 quasdam
540 4171 682 4229 honestas
704 4170 822 4246 viduas,
846 4178 877 4228 et
898 4168 1047 4244 quondam
1071 4165 1188 4227 Sliwek
1210 4170 1307 4229 altera
1325 4162 1377 4224 vics

565 4256 696 4333 torqueri
715 4256 881 4333 jusserunt.
908 4255 999 4314 1527.

183 4426 257 4513 Jam
279 4447 356 4492 vero
380 4424 421 4491 ad
442 4425 592 4511 primum,
625 4423 712 4488 unde
745 4423 911 4508 digressus
933 4419 989 4502 fui,
1013 4426 1173 4485 revertar.
1207 4422 1299 4490 Dum
1325 4420 1383 4509 post
1414 4408 1416 4419 '

99 4529 292 4594 electionem
314 4532 401 4614 regis
423 4527 623 4592 Ferdinandi
646 4529 680 4591 in
712 4548 822 4611 regem
847 4512 1024 4590 Bohemiae
1056 4533 1189 4614 tempus
1226 4523 1382 4616 appropin-

103 4638 244 4714 quasset,
265 4638 302 4692 ut
323 4631 364 4693 ad
387 4631 627 4694 coronationem
649 4637 847 4715 properaret,
870 4628 993 4692 factum
1015 4625 1089 4714 fuit,
1113 4628 1205 4719 quod
1230 4653 1304 4698 cum
1323 4646 1383 4694 cco·

95 4718 217 4794 tborali
238 4751 297 4794 sua
320 4730 418 4796 Anna
437 4731 567 4797 Vienna
600 4733 687 4796 circa
708 4732 791 4798 festa
811 4729 959 4796 natalitia
980 4729 1070 4797 viam
1107 4752 1263 4821 egressus
1295 4729 1382 4802 faerit
