2946 5086
10 176 12 184 '
142 162 206 245 17³

144 352 295 420 supremo
329 326 523 396 cancellar-io
556 324 637 393 illud
666 327 845 413 notificent,
867 336 966 415 atque
986 330 1033 393 ita
1053 326 1160 397 adhuc
1183 327 1300 395 eadem
1324 329 1378 395 die
1400 352 1439 397 ex

142 437 205 503 boc
243 442 404 501 conventu
433 440 653 515 recesserunt,
688 455 813 499 summe
846 432 1164 521 compromittentes,
1202 433 1292 521 quod
1332 455 1439 500 omnes

144 541 275 608 domino
297 540 370 624 regi
392 560 449 604 suo
464 536 644 604 adhaerere
666 537 778 607 velint.
802 537 918 628 Itaque
942 558 1005 603 rex
1027 537 1149 604 amovit
1171 558 1193 602 a
1212 537 1433 625 Pragensibus

146 667 277 713 omnem
299 652 416 710 statum
440 642 581 709 civilem.
1062 662 1065 667 ·

229 747 267 813 ln
290 748 352 815 boe
373 755 535 815 conventu
557 747 711 814 comitiali
740 756 848 814 actum
877 749 975 813 etiam
995 748 1057 815 fuit
1085 759 1119 814 et
1151 761 1366 819 memoratum
1402 753 1438 818 ds

33 924 38 933 ,
146 852 241 919 Gallo
265 851 412 919 Onabera
433 852 705 936 administratore,
739 852 826 940 quod
847 851 1056 940 praecedenti
1078 852 1132 920 die
1161 840 1340 923 Dominica
1369 867 1438 922 ante

147 965 341 1023 conventum
364 959 565 1026 comitiorum
586 957 797 1046 inTeynensi
820 960 977 1024 concione
999 979 1058 1023 sua
1071 957 1183 1025 habita
1204 960 1334 1027 locutus
1348 961 1437 1028 fuerit

147 1070 260 1127 contra
281 1061 437 1129 honorem
470 1064 613 1129 omnium
643 1085 825 1152 procerum,
859 1063 1001 1150 equitum
1046 1072 1080 1129 et
1114 1063 1293 1146 civitatum,
1325 1068 1380 1152 qui
1407 1068 1438 1132 in

151 1165 288 1231 comitiis
304 1169 491 1254 congregati
504 1167 644 1250 fuerunt,
659 1166 721 1233 hoc
744 1188 851 1249 sensu,
872 1166 963 1253 quod
987 1178 1062 1233 sunt
1076 1167 1118 1233 de
1140 1169 1251 1258 impiis
1273 1171 1437 1258 proditori·

145 1270 207 1337 bns
230 1270 336 1338 adhuc
357 1272 539 1361 imperfecti
561 1271 766 1353 Piclshartae,
790 1271 877 1360 quod
897 1270 970 1339 illos
991 1269 1114 1348 colion
1135 1273 1300 1361 perfectos
1316 1274 1438 1342 efficere

145 1375 258 1443 velint.
1276 1398 1281 1403 ·

229 1480 269 1546 In
292 1481 342 1547 his
365 1480 503 1548 comitiis
532 1490 755 1549 convenerunt
787 1481 829 1547 de
861 1481 1072 1569 proceribus:
1094 1482 1248 1573 dominus
1261 1556 1264 1561 ,
1279 1485 1435 1552 Henricus

144 1585 185 1652 de
206 1585 397 1673 Rosenberg
425 1587 461 1653 in
495 1586 651 1672 Krumau,
688 1587 837 1654 dominus
870 1587 1016 1653 Adamus
1044 1586 1251 1672 de'Hradec,
1275 1611 1435 1678 supremus
1469 1602 1473 1684 j

144 1692 238 1777 regni
258 1689 436 1756 Bobemiae
471 1692 693 1776 cancellarius,
717 1691 865 1758 dominus
906 1692 1051 1759 Joannes
1084 1692 1126 1758 de
1147 1694 1378 1782 Wartemberg
1404 1695 1434 1759 in

142 1795 269 1879 Dubec,
287 1795 436 1862 dominus
454 1794 623 1865 Corradus
639 1796 680 1863 de
695 1797 812 1885 Kreyls
826 1796 1127 1881 Neo-Boleslaviae,
1143 1796 1297 1864 dominus
1312 1797 1432 1865 Friede-

143 1900 230 1966 ricus
252 1899 294 1965 de
314 1901 427 1967 Donin
457 1903 493 1968 in
523 1901 655 1987 Dratic,
690 1901 813 1968 domini
843 1901 991 1968 Kostkae
1020 1900 1062 1967 de
1094 1901 1259 1990 Postupic,
1294 1903 1432 1969 dominus

145 2007 343 2078 Adalbertus
367 2005 408 2072 de
430 2005 603 2072 Pernstein
624 2010 658 2072 in
681 2006 853 2084 Pardubic‚
877 2016 909 2073 et
930 2007 985 2073 alii
1007 2007 1101 2072 multi
1121 2024 1278 2094 proceres
1301 2018 1335 2073 et
1355 2007 1430 2095 equi·
1463 2044 1466 2051 ·

144 2120 202 2177 tes.
245 2111 299 2177 Ex
319 2119 412 2201 parte
433 2133 512 2177 vero
534 2111 645 2195 altera,
677 2111 731 2199 qui
753 2110 998 2198 Kuttenbergae
1030 2111 1172 2194 fuerunt,
1203 2133 1324 2199 nempe
1356 2112 1430 2200 prin·
1468 2116 1471 2123 “

144 2237 222 2303 ceps
245 2214 382 2282 carolus
404 2220 502 2305 regni
524 2220 723 2308 capitaneus,
746 2218 896 2286 dominus
912 2218 1052 2286 Zdenels
1066 2220 1155 2304 Lew,
1177 2220 1367 2307 etquidem
1386 2218 1432 2285 alii

143 2342 296 2408 proceres
319 2330 351 2388 et
374 2326 509 2411 equites,
531 2323 723 2412 praesertim
746 2324 788 2390 de
809 2334 915 2390 terrae
933 2323 1111 2412 judicibus,
1136 2333 1169 2389 et
1190 2324 1386 2411 Pragenses,
1406 2331 1432 2389 et

143 2424 179 2490 bi
208 2446 319 2490 omnes
351 2429 573 2496 confoederati
595 2430 734 2513 fuerunt,
758 2439 790 2494 et
812 2429 978 2517 conjuncti
999 2420 1153 2494 contrarii
1180 2427 1347 2516 prioribus
1372 2429 1432 2515 jan

145 2532 328 2601 nominatis.
372 2535 461 2602 Dum
482 2558 560 2603 vero
584 2544 685 2635 status
716 2534 823 2600 civilis
845 2543 878 2599 et
898 2532 1041 2620 ablegati
1064 2555 1175 2600 eorum
1192 2535 1294 2621 juxta
1315 2533 1431 2599 conclu·

144 2664 216 2710 sum
238 2649 292 2714 die
312 2644 478 2711 nominata
499 2641 626 2728 Pragae
644 2640 886 2721 convenissent,
915 2638 972 2704 illa
1001 2638 1118 2723 omnia,
1149 2659 1233 2726 quae
1259 2638 1327 2705 illis
1349 2660 1431 2704 mau-

146 2753 222 2819 data
243 2754 383 2833 fuemnt,
405 2745 624 2835 Pragensibus
648 2754 679 2811 ct
701 2746 759 2810 toti
782 2743 1004 2810 communitati
1033 2744 1069 2808 in
1090 2765 1210 2830 magno
1237 2743 1378 2830 collegio
1397 2763 1432 2808 ex

143 2856 309 2933 mandato,
329 2859 589 2942 proposuerunt,
623 2849 831 2916 adhortantes
863 2848 906 2914 ad
936 2847 1154 2933 concordiam,
1187 2846 1381 2915 charitatem
1406 2855 1432 2912 et

144 2983 260 3050 pacem
283 2956 539 3026 conservandam
561 2954 752 3034 interillos,
776 2963 809 3020 et
830 2975 986 3041 personas
1010 2975 1052 3019 cx
1074 2954 1205 3019 civitate
1229 2952 1354 3041 pulsas.
1388 2949 1430 3017 llli

145 3087 223 3131 vero
247 3074 297 3130 sat
317 3064 480 3151 ingratum
514 3067 546 3136 et
575 3060 781 3147 inacceptum
814 3080 1005 3146 responsum
1039 3056 1208 3140 dederunt,
1238 3056 1302 3123 boc
1332 3079 1428 3138 sensu,

146 3168 234 3257 quod
258 3191 331 3234 cum
353 3167 507 3254 relegatis
529 3187 595 3230 non
616 3164 766 3241 babeant,
788 3162 875 3249 quod
896 3163 1034 3250 litigent,
1056 3184 1119 3228 nec
1140 3164 1334 3250 transigant,
1370 3182 1432 3229 cum

139 3275 211 3364 jam
232 3280 328 3339 antea
352 3272 493 3361 judicati
520 3271 650 3352 fuerint,
682 3278 714 3335 et
746 3268 849 3337 auditi
881 3289 990 3335 coram
1019 3268 1167 3355 principe
1212 3276 1247 3334 et
1276 3269 1432 3335 civitatum

144 3377 314 3465 ablegatis,
336 3377 418 3443 illud
441 3375 504 3443 sibi
525 3398 584 3465 pro
607 3375 730 3442 auxilio
745 3383 778 3439 et
794 3374 1003 3440 excusatione
1017 3380 1231 3454 assumentes,
1254 3372 1343 3461 qnod
1360 3374 1433 3439 inter

146 3503 182 3547 se
205 3482 239 3546 in
261 3482 425 3548 communi
447 3480 655 3569 praecedenti
686 3487 846 3546 conventu
876 3479 911 3543 in
933 3477 987 3545 die
1009 3476 1056 3544 Se
1077 3475 1267 3544 Wenceslai
1297 3483 1432 3566 egerunt

232 3585 285 3651 Ex
313 3584 432 3671 quibus
464 3584 600 3672 quilibet
634 3584 721 3650 clare
755 3604 951 3670 cognoscere
984 3589 1100 3670 potest,
1134 3581 1222 3669 quod
1256 3580 1433 3670 hagenses

144 3689 227 3757 nibil
248 3689 365 3756 stabile
387 3711 446 3777 pro
468 3689 592 3756 auxilio
614 3711 672 3756 suo
705 3688 897 3772 habuerunt,
931 3709 994 3753 nec
1015 3686 1106 3771 illud,
1142 3685 1184 3751 de
1205 3708 1271 3774 quo
1295 3685 1430 3777 judicari

143 3803 285 3885 possent,
316 3793 398 3859 nihil
421 3793 506 3859 enim
539 3793 696 3872 adfuerat,
716 3793 812 3881 quod,
849 3793 902 3860 vel
931 3791 973 3857 de
1007 3813 1071 3879 quo
1106 3797 1280 3879 utramque
1317 3799 1431 3881 partem

142 3902 295 3990 princeps
328 3897 516 3966 audivisset.
553 3898 666 3966 Justus
688 3899 776 3964 enim
798 3897 894 3964 homo
911 3897 1020 3963 omnia
1028 3897 1127 3985 juste,
1149 3893 1254 3962 libere
1272 3905 1312 3961 et
1331 3904 1430 3986 aperte

143 4014 200 4071 aut
220 4003 350 4092 publice
371 4003 426 4090 agi
447 4002 537 4089 vult3
561 4006 702 4092 injustus
724 4023 803 4069 vero
826 4011 858 4067 et
878 4001 1008 4089 iniquus
1042 4000 1151 4066 omnis
1169 3999 1206 4064 in
1241 4001 1384 4068 tenebris
1401 4007 1429 4063 et
1468 4082 1471 4093 Ι

145 4109 271 4176 occulto
294 4106 381 4173 edici
403 4106 577 4192 desiderat,
601 4108 707 4174 lucem
723 4107 831 4194 itaque
853 4113 886 4171 et
902 4103 1061 4193 judicium
1070 4105 1196 4192 justum
1211 4103 1324 4173 odisse
1334 4103 1427 4178 debet,
1458 4128 1469 4201 Ι-·

147 4223 253 4280 atres
275 4233 353 4278 vere
377 4226 526 4302 suspecta
549 4212 742 4296 sstinillo,
776 4211 831 4300 qui
862 4209 1128 4299 dijudicationem
1159 4209 1274 4297 populi
1296 4210 1429 4298 fugitet

146 4340 211 4383 non
233 4319 313 4403 vult,
344 4319 492 4407 quamvis
524 4319 663 4407 injustus
695 4317 746 4400 sit,
780 4315 814 4381 vi
832 4314 979 4402 justitiae
1012 4335 1089 4378 suae
1119 4333 1178 4377 sua
1205 4312 1427 4381 demonstrare·
1469 4346 1472 4355 ·

145 4422 219 4489 Non
242 4432 290 4488 est
312 4445 365 4489 res
388 4445 473 4489 vana
494 4445 556 4489 nec
579 4420 750 4511 superflua,
771 4408 849 4485 dum
871 4418 992 4485 referre
1025 4416 1100 4485 volo
1123 4411 1245 4502 casum,
1283 4420 1340 4507 qui
1354 4418 1426 4485 Prs-
1465 4420 1471 4435 “

145 4549 207 4614 gae
228 4528 312 4592 inter
324 4527 384 4593 hos
399 4527 552 4593 tumultus
575 4526 695 4593 accidit
717 4522 831 4591 eodem
853 4544 937 4589 anno
949 4531 1025 4588 ante
1039 4521 1153 4588 Sancti
1168 4521 1324 4603 Andreae
1342 4523 1426 4602 diem,
1459 4520 1470 4601 ;”

148 4642 181 4696 et
202 4630 264 4703 boc
285 4629 359 4697 idco
381 4654 454 4721 ago,
478 4634 554 4720 quia
574 4631 676 4697 verba
697 4629 762 4696 Dei
783 4626 958 4715 implentur
980 4635 1013 4692 et
1030 4624 1278 4715 implebuntur-3
1298 4630 1432 4719 plerum

60 4828 64 4835 Ι
143 4755 209 4822 que
230 4734 319 4801 enim
341 4736 510 4825 contingit,
532 4737 620 4824 quod
643 4737 699 4825 qui
720 4735 840 4809 {osum
864 4728 1111 4823 ouidamfodit,
1134 4731 1216 4821 ipse
1231 4734 1280 4837 qiu
1296 4756 1373 4817 §m
1389 4734 1432 4831 irtss¹
