2946 5086
149 377 216 444 Die
228 376 324 443 lunae
336 375 476 460 tandem,
489 400 607 467 nempe
622 377 705 443 festo
719 377 751 444 S.
763 377 915 465 Gregorii
927 378 1255 470 (12.lliart.)dominns
1264 374 1364 450 Joan-

66 501 125 547 nes
134 480 271 548 Hlawsa
287 489 320 548 et
330 482 485 568 magister
499 483 653 548 Brikcius
665 505 685 549 a
696 504 774 570 rege
791 505 833 548 ex
847 483 1016 570 Hungaria
1031 485 1288 573 Kuttenbergam
1310 486 1366 553 ad·

69 594 241 652 venerunt.
284 585 410 652 Eadem
433 587 530 652 etiam
555 586 609 652 die
630 589 735 653 nuntii
757 585 869 653 literae
892 589 999 675 regias
1034 611 1076 654 ex
1097 590 1267 677 Hungaria
1287 591 1366 657 Pra-

68 689 226 777 gensibus
248 690 290 757 ad
313 692 436 756 curiam
471 701 504 757 et
525 693 788 758 communitatem
812 701 911 758 totam
934 691 1120 777 attulerunt,
1156 695 1213 761 ubi
1236 702 1366 762 senatus

69 795 184 862 eadem
218 795 272 860 die
305 797 459 863 renovari
493 795 614 879 debuit,
649 797 774 862 ratione
808 796 953 863 omnium
987 800 1107 865 civium
1140 799 1366 885 relegatorum.

66 899 199 966 Literae
222 907 329 965 autem
359 898 422 969 hae
457 898 499 965 ad
520 898 704 987 Progenses
735 900 857 965 missae
888 909 1023 989 quartae
1055 902 1195 987 fuerunt,
1228 924 1364 991 quarum

66 1003 236 1070 literarum
260 1025 374 1070 sensus
395 1005 458 1069 iste
479 1003 594 1069 fuerat
639 1004 749 1070 Primo
785 1004 923 1092 quidem*
941 1007 1077 1092 consuli,
1110 1009 1245 1096 senatui,
1280 1007 1364 1087 seni·

70 1103 237 1175 oribus'et
258 1109 430 1174 universae
452 1109 675 1175 communitati
696 1107 863 1195 Pragensi.
1065 1102 1068 1107 ’

114 1222 117 1229 ’
273 1213 460 1280 Ludorious
482 1214 547 1279 Dei
569 1215 674 1300 gratia
697 1221 757 1279 ete.

151 1319 302 1403 Honesti,
330 1320 432 1384 nostri
461 1317 576 1384 fideles
606 1317 727 1385 dilecti.
771 1318 950 1387 Memoriae
981 1334 1111 1392 restrae
1140 1339 1368 1399 conservatum

65 1424 239 1508 habebitis,
262 1423 349 1510 quod
370 1422 464 1489 vobis
482 1425 552 1510 jam
575 1422 699 1508 aliquot
720 1422 832 1490 literas
855 1428 983 1496 mittere
1008 1429 1133 1519 dignati
1154 1432 1310 1502 fuerimus
1332 1438 1368 1504 iu

66 1551 166 1595 causa
186 1528 314 1595 illarum
336 1548 547 1616 personarum
578 1537 611 1594 et
641 1529 844 1597 subditorum
881 1536 1075 1620 nostrorum,
1110 1559 1190 1625 quos
1220 1562 1280 1627 pro
1309 1540 1366 1611 illo

66 1642 211 1722 tempore
234 1633 276 1699 ob
299 1631 456 1719 quasdam
489 1633 735 1703 informationes
769 1645 894 1703 vestras
919 1660 962 1705 ex
995 1642 1126 1707 civitate
1159 1652 1270 1709 nostra
1290 1644 1366 1712 Pra-

67 1737 161 1825 gensi
184 1737 270 1802 bona
294 1758 352 1802 sua
374 1734 581 1803 divendendo
615 1738 707 1806 abire
723 1741 893 1829 jussimus,
923 1766 1028 1833 nuper
1049 1768 1127 1812 vero
1150 1747 1256 1814 denuo
1276 1770 1366 1816 man·

66 1847 145 1913 dare
167 1845 293 1932 dignati
315 1843 445 1928 fuimus,
467 1854 504 1911 ut
524 1845 611 1912 bona
634 1869 693 1914 sua
714 1870 780 1913 non
803 1847 994 1927 divendant,
1016 1849 1075 1916 sed
1095 1850 1214 1917 inillis
1238 1868 1366 1921 conser-

58 1960 187 2033 ventur,
210 1958 244 2014 et
270 1948 327 2015 illa
349 1948 535 2015 custodiant
549 1951 682 2036 tamdiu,
707 1951 813 2019 donec
834 1952 895 2020 hae
918 1975 1031 2020 omnes
1047 1959 1289 2024 controversiae
1310 1960 1365 2031 vel

59 2055 276 2122 conventione
301 2052 486 2139 amicabili,
522 2064 578 2122 aut
594 2058 684 2144 justo
712 2056 839 2146 judicio
862 2057 905 2124 ad
927 2061 1102 2126 terminum
1123 2082 1227 2131 ,suum
1250 2052 1363 2152 perve-

58 2160 161 2242 niant,
184 2159 377 2247 praesertim
401 2159 477 2245 quia
499 2157 534 2224 bi
556 2158 679 2226 subditi
711 2182 819 2226 coram
843 2161 938 2228 nobis
962 2171 995 2228 et
1017 2164 1211 2232 consiliariis
1242 2167 1363 2234 nostris

57 2263 125 2348 illa,
150 2283 235 2350 quae
257 2260 298 2327 de
320 2261 386 2328 illis
411 2264 533 2351 scripta
555 2271 587 2328 et
609 2263 697 2330 dicta
718 2264 858 2350 fuerunt,
890 2264 1052 2355 negarunt
1074 2278 1107 2335 et
1136 2270 1286 2338 omnibus
1312 2278 1363 2339 re·
1449 2332 1454 2340 .

56 2369 219 2450 stiterunt,
242 2375 341 2455 atque
375 2366 417 2432 ad
445 2367 606 2454 judicium
629 2378 662 2433 et
690 2368 889 2437 audientiam
923 2371 1065 2440 debitam
1096 2397 1132 2442 se
1160 2385 1364 2461 revocarunt,

54 2492 206 2561 poenam
232 2470 260 2536 si
282 2471 331 2536 rei
353 2472 456 2558 agniti
477 2470 607 2556 fuerint,
644 2471 753 2539 subire
774 2475 922 2542 volentes
953 2486 1012 2545 etc.
1063 2479 1231 2546 Informati
1267 2479 1363 2549 simul
1424 2498 1427 2503 '

54 2576 178 2659 fuimus
200 2574 244 2641 ab
266 2574 318 2640 his
340 2574 479 2641 subditis
502 2577 632 2660 nostris,
667 2577 753 2664 quod
775 2579 858 2646 tales
879 2579 994 2649 literae
1024 2591 1056 2650 et
1077 2585 1264 2651 mandatum
1285 2586 1359 2651 nos·

54 2690 141 2746 trum
152 2679 240 2769 apud
250 2700 309 2745 vos
320 2678 427 2747 locum
441 2681 588 2747 invenire
599 2692 771 2770 nequeant,
781 2683 863 2750 illud
877 2687 1137 2773 praetendentes,
1150 2691 1236 2780 quod
1251 2687 1361 2758 nuntii

55 2784 167 2867 vestri,
192 2786 248 2873 qui
259 2782 345 2873 apud
357 2806 417 2850 nos
432 2794 508 2850 ante
523 2785 606 2852 festa
621 2787 859 2855 Pentecostalia
877 2794 954 2859 anni
976 2785 1202 2881 praecedentis
1221 2794 1360 2882 nerant,

55 2893 246 2960 mandatum
270 2895 338 2981 tale
358 2916 378 2960 a
398 2893 494 2960 nobis
517 2897 713 2984 acceperint,
745 2919 788 2962 ne
808 2897 892 2964 ullas
921 2896 1042 2982 literas,
1075 2898 1358 2989 qualescunquea

54 2997 153 3065 nobis
180 2998 358 3064 contrarias
388 2997 589 3083 obtineretis,
624 3001 754 3086 curetis,
788 3000 927 3091 ideoque
948 3001 997 3069 illi
1031 3002 1133 3069 nostri
1165 3002 1287 3071 subditi
1318 3004 1385 3073 ad·

57 3103 140 3169 haee
165 3124 269 3191 usque
291 3111 438 3191 tempora
460 3102 546 3170 bona
568 3126 627 3171 sua
649 3105 822 3186 custodire,
846 3108 929 3174 tueri
965 3115 997 3174 et
1018 3106 1084 3174 illis
1099 3106 1203 3201 libere
1225 3109 1370 3176 utinen·

57 3207 194 3298 possint,
226 3209 282 3295 qui
304 3209 516 3285 incessanter,
548 3206 711 3276 humiliter
746 3209 929 3298 efflagitant
957 3233 1017 3300 pro
1045 3212 1135 3300 justa
1168 3211 1359 3282 defensione

58 3312 246 3380 obtinenda
289 3312 357 3378 Nos
385 3335 463 3380 vero
485 3313 655 3380 audientes
678 3322 783 3380 tantm
806 3337 917 3382 eorum
945 3337 1060 3405 preces
1102 3323 1135 3383 et
1152 3318 1258 3404 justas
1283 3316 1356 3385 sub·

57 3419 246 3501 missiones,
278 3418 335 3505 qui
366 3416 548 3503 obligamur
570 3419 665 3485 unius
689 3420 845 3508 cujusque
862 3420 1009 3508 justitiae
1031 3419 1214 3511 providere,
1247 3433 1279 3490 et
1300 3445 1359 3490 no·

57 3525 172 3606 lentes,
207 3529 244 3586 ut
257 3521 385 3587 illorum
399 3520 484 3610 (aut)
507 3520 590 3587 alius
609 3524 665 3611 jus
685 3521 854 3608 laedatur,
876 3522 1016 3612 ideoque
1027 3524 1121 3592 vobis
1132 3510 1237 3592 denuo
1249 3527 1359 3597 stricte

58 3626 252 3693 mandamus
285 3633 318 3690 et
349 3625 580 3713 praecipiendo
612 3626 733 3694 habere
763 3627 924 3712 volumus,
956 3637 992 3695 ut
1025 3629 1201 3695 secundum
1231 3639 1358 3698 nostras

62 3751 273 3821 praegressas
296 3739 328 3795 et
349 3729 447 3796 hasce
469 3729 579 3811 literas
594 3753 653 3797 ros
673 3733 805 3818 geratis.
828 3731 960 3822 anque
974 3735 1010 3799 in
1031 3731 1168 3817 hoc,>ne
1189 3734 1275 3802 bona
1297 3754 1357 3803 sua

60 3835 254 3913 custodiant,
289 3836 401 3924 eisque
422 3836 471 3900 uti
492 3837 628 3923 possint,
651 3858 716 3903 non
738 3835 934 3925 impediatis,
963 3859 1026 3904 nec
1047 3838 1355 3929 impediri'permit·

60 3943 146 4023 tatis,
181 3938 224 4005 ad
245 3939 451 4006 venditiones
472 3938 631 4007 bonorum
655 3962 786 4008 suorum
806 3964 873 4008 non
904 3922 1037 4030 cog'atis,
1069 3942 1259 4033 nullumque
1289 3928 1364 4012 sem·⁸

59 4046 146 4135 plius
169 4044 240 4110 sive
262 4043 367 4111 virilis
404 4051 460 4109 aut
480 4043 647 4111 muliebris
681 4067 778 4123 sexus
809 4049 900 4115 exire
924 4047 1079 4137 jubeatis,
1103 4047 1161 4114 sed
1183 4050 1291 4138 quiete
1312 4050 1356 4119 ad

57 4151 202 4218 inuicem
224 4171 283 4214 vos
308 4170 350 4214 ex
371 4157 507 4238 utraque
521 4159 614 4237 parte
636 4153 766 4238 geratis.
788 4152 857 4218 Nos
872 4153 959 4218 enim
981 4152 1046 4220 illis
1069 4153 1104 4218 in
1127 4152 1177 4218 his
1201 4153 1352 4223 omnibus

57 4257 241 4324 libertatem
277 4264 309 4320 et
332 4254 548 4339 securitatem,
576 4255 760 4344 ubicunque
789 4256 936 4324 habitare
969 4257 1141 4342 voluerint,
1173 4259 1352 4328 concedere

58 4360 232 4448 dignamur
265 4368 297 4423 et
318 4359 535 4441 concedimus,
557 4383 659 4450 neque
681 4361 723 4427 ad
744 4361 811 4427 litis
833 4361 929 4450 hujus
950 4364 1139 4450 terminum;
1162 4363 1244 4430 illud
1265 4366 1353 4434 enim

57 4465 201 4533 finaliter
223 4464 343 4530 habere
365 4465 524 4549 volumus,
546 4475 582 4532 ut
604 4487 715 4532 omnes
732 4466 952 4534 dissensiones
974 4476 1007 4533 et
1028 4468 1164 4536 dissidia
1184 4469 1269 4536 inter
1290 4456 1383 4541 ,rod
1435 4538 1438 4543 .

57 4571 199 4660 illosque
220 4578 299 4646 orta,
330 4570 385 4636 rel
407 4572 625 4637 transactione
658 4571 832 4657 amicabili,
864 4594 924 4660 per
955 4573 1108 4658 remedia,
1145 4597 1227 4662 quae
1256 4574 1350 4644 vobis

57 4679 188 4766 utrique
212 4675 297 4763 parti
319 4676 389 4742 sine
410 4675 566 4742 dilatione
585 4676 815 4759 intimabimus,
837 4685 894 4744 aut
909 4678 998 4768 justo
1015 4679 1140 4768 judicio
1161 4680 1259 4747 finem
1279 4679 1350 4749 adi·

57 4783 237 4875 piscantem
273 4777 368 4846 Nem-
378 4779 503 4861 intell
525 4802 635 4850 mrum
652 4783 750 4873 justa·
775 4784 953 4872 petitione,
974 4804 1017 4851 ex
1045 4783 1096 4852 his
1127 4784 1253 4854 duabus
1285 4785 1368 4855 viis'
