2946 5086
1331 199 1399 267 247-

98 374 237 439 nimium
256 375 327 461 jam
351 374 459 440 animo
481 371 576 456 elato,
598 378 634 437 ut
656 393 754 459 supra
776 371 898 439 dictum
926 371 996 452 fuit,
1028 372 1187 438 miserunt
1208 370 1322 438 eodem
1342 371 1396 438 die

100 475 276 543 demedio
298 497 358 543 suo
379 496 534 563 magnum
555 496 727 543 numerum
748 477 869 543 civium
891 497 965 543 cum
989 472 1129 563 superbo
1152 475 1275 559 nuntio,
1297 477 1394 545 minis

98 586 131 645 et
161 581 246 648 falso
277 601 426 646 sermone
446 580 597 646 immixto
627 579 783 664 dicentes,
807 579 894 668 quod
928 579 1142 645 communitas
1164 578 1291 666 integra
1310 579 1397 648 hane

98 685 253 752 unionem
275 705 408 752 serrare
428 682 517 768 velit,
539 682 596 752 ubi
617 692 726 750 tamen
750 682 827 749 dum
848 684 883 750 in
903 683 998 751 Nova
1020 682 1151 749 civitate
1169 682 1392 769 juramentum

100 791 249 874 personis
282 789 394 856 electis
428 788 570 854 delatum
602 788 673 872 fuit,
706 797 772 854 tam
794 811 874 876 prae
895 787 1015 876 gaudio
1036 807 1154 873 magno
1177 788 1392 855 communitas

101 900 164 960 tota
194 895 246 960 Te
277 894 385 960 Deum
419 892 587 959 laudamus
610 902 671 959 ete.
695 892 861 960 decantari
895 901 1099 976 curaverunt,
1122 913 1258 979 quorum
1279 888 1390 978 plures

102 1018 195 1084 quam
216 1000 281 1065 tria
301 998 405 1065 millia
425 997 562 1081 fuerant,
585 998 763 1069 secundum
783 997 1043 1064 informationem
1064 1002 1242 1082 acceptam,
1252 994 1393 1085 ideoque

100 1099 156 1170 boc
177 1104 329 1170 nuntium
372 1124 437 1169 non
475 1101 691 1169 concordabat
722 1124 796 1169 cum
832 1124 940 1190 opere.
982 1102 1027 1168 Et
1056 1098 1099 1166 ab
1120 1098 1178 1164 illa
1200 1096 1254 1164 die
1287 1099 1389 1168 multo

102 1209 204 1296 naj0r
232 1228 309 1295 pars
330 1205 497 1272 hominum
518 1214 584 1270 non
606 1213 730 1271 tantum
753 1207 788 1271 in
808 1206 912 1290 Nora,
934 1227 1048 1273 verum
1071 1203 1168 1269 etiam
1190 1201 1225 1267 in
1246 1201 1392 1294 Antiqua

98 1310 176 1377 urbe
205 1309 249 1375 de
281 1332 377 1392 novo,
402 1331 475 1375 cum
498 1307 612 1375 solatio
634 1309 751 1395 grandi
779 1309 920 1398 pedibus
950 1308 1066 1375 erectis
1088 1308 1290 1373 incesserunt
1313 1316 1347 1374 et
1367 1331 1389 1376 a

94 1413 253 1500 gravibus
274 1414 414 1481 vinculis
429 1435 464 1479 se
475 1412 662 1496 liberarunt,
684 1412 853 1480 laudantes
875 1414 994 1499 Deum,
1011 1410 1097 1503 quod
1117 1410 1248 1477 tandem
1270 1412 1388 1478 iterum

89 1521 140 1586 eis
176 1518 269 1606 prior
300 1517 436 1585 libertas
467 1511 616 1584 restituta
643 1517 749 1602 fuerit,
778 1524 815 1583 ut
853 1518 939 1582 inter
961 1538 997 1583 se
1029 1518 1118 1606 ipsos
1140 1524 1173 1582 et
1195 1514 1291 1582 simul
1312 1537 1385 1582 cum

92 1624 186 1690 caris
221 1623 290 1688 suis
320 1622 433 1688 amicis
469 1621 610 1710 colloqui
637 1622 773 1710 possint,
805 1619 1055 1710 praecedentem
1091 1621 1240 1687 timorem
1274 1619 1316 1687 de
1351 1640 1387 1685 se
1462 1655 1464 1659 ·

82 1734 302 1816 reponentes.
345 1725 468 1793 Ultimo
503 1725 635 1792 tandem
672 1726 942 1812 Neo-Pragenses
963 1726 1155 1814 inceperunt
1182 1731 1313 1791 cantum
1335 1748 1383 1792 se-

82 1839 251 1922 quentem
281 1830 476 1897 decantare:
498 1830 601 1896 Laeta
622 1831 693 1898 dies
714 1829 810 1897 nobis
834 1838 947 1897 exorta
970 1838 1028 1914 est,
1052 1851 1116 1917 qua
1136 1829 1312 1916 imperator
1324 1828 1386 1898 Oa·

78 1937 183 2004 rolus
206 1934 405 2002 demortuis
426 1936 607 2002 resurrexit
628 1944 699 2020 etc,
714 1935 890 2023 etquidem
910 1934 1017 2001 adhuc
1038 1937 1073 2000 in
1099 1937 1284 2024 praesentia
1295 1939 1384 2024 regis

82 2063 154 2131 pro
186 2039 334 2129 ejusdem
357 2040 481 2108 solatio.
526 2039 599 2122 Qua
619 2040 660 2107 de
695 2062 793 2107 causa
813 2047 945 2128 propter
967 2040 1174 2106 evitatIonem
1195 2039 1296 2107 futuri
1317 2065 1385 2108 ma·

74 2144 171 2235 joris
205 2143 285 2210 mali
315 2166 377 2210 rex
398 2165 464 2210 non
496 2143 667 2211 attendens
696 2143 765 2227 has,
799 2144 1029 2211 multominus
1059 2143 1141 2210 alias
1175 2144 1383 2211 notabiliores

87 2250 203 2314 minas
237 2268 310 2314 cum
347 2248 515 2334 sanguinis
531 2248 697 2314 ⁴effusione
729 2247 913 2335 aquodam
934 2244 1072 2313 notabili
1105 2255 1249 2336 martyre
1272 2272 1384 2317 eorum

86 2353 133 2420 ad
155 2374 271 2440 regem
302 2351 437 2436 delatas,
461 2353 615 2420 unionem
636 2360 746 2418 tamen
766 2351 852 2417 hane
872 2350 940 2417 illis
973 2342 1096 2418 ademit
1118 2361 1151 2419 et
1171 2353 1303 2442 propria
1326 2376 1385 2420 sua

87 2458 212 2523 virtute
246 2477 284 2523 ac
315 2457 461 2544 potentia
492 2457 527 2521 in
548 2454 685 2522 nihilum
721 2457 891 2534 convertit,
928 2477 988 2542 pro
1021 2455 1137 2522 futtrris
1169 2455 1383 2547 temporibus.

88 2560 263 2626 Dracones
296 2580 376 2647 ergo
407 2559 456 2625 illi
478 2559 577 2626 fortes
600 2567 633 2626 et
662 2581 745 2626 unus
767 2559 809 2626 de
830 2558 896 2625 illis
917 2559 1093 2626 fortisimus
1122 2583 1197 2628 cum
1231 2561 1384 2650 superbia

91 2687 150 2731 sua
175 2666 306 2732 contriti
329 2664 467 2749 fuerunt,
491 2673 523 2730 et
545 2687 611 2731 non
633 2687 743 2749 unum,
766 2664 825 2731 sed
845 2664 968 2752 aliquot
989 2664 1117 2732 illorum
1137 2665 1270 2733 foedera
1291 2668 1383 2733 anni-

93 2768 197 2835 hilata
220 2776 304 2851 sunt,
327 2770 520 2856 praesertim
540 2767 633 2848 illud,
655 2769 743 2855 quod
764 2770 832 2836 fere
854 2769 895 2836 de
918 2792 1042 2836 summo
1064 2768 1168 2857 gradu
1190 2793 1289 2838 saxeo
1310 2772 1383 2837 uni-

93 2880 159 2938 tum
181 2872 248 2939 illis
270 2871 340 2938 fuit.
382 2872 436 2939 Ex
458 2895 521 2961 quo
543 2873 615 2939 Deo
638 2873 756 2940 dentur
792 2874 916 2960 laudes,
938 2877 995 2961 qui
1017 2874 1175 2943 mirabilis
1197 2877 1292 2942 estin
1305 2899 1381 2964 ope-

91 2977 178 3045 ribus
200 2979 279 3061 suis,
302 2987 334 3043 et
354 2986 500 3066 tempore
531 3001 588 3044 suo
610 2980 783 3065 tristitiam,
808 2979 872 3046 alio
895 3003 973 3048 vero
997 2991 1142 3070 tempore
1164 2982 1322 3048 laetitiam
1342 2981 1378 3048 in

92 3100 162 3149 suos
185 3081 307 3148 electos
328 3083 480 3149 immittit

622 3254 773 3323 OAPU'I'
795 3259 847 3325 24.

84 3431 121 3494 ln
158 3452 220 3512 quo
242 3432 399 3508 insinatur,
432 3435 513 3510 quod
541 3434 676 3495 homines
704 3434 748 3513 pii
778 3443 809 3496 et
824 3437 900 3514 justi
933 3437 1031 3512 quiete
1063 3437 1108 3497 nti
1139 3437 1284 3514 volentes,
1306 3439 1381 3500 bene

85 3524 210 3582 solvere
233 3520 400 3581 debuerint.
434 3521 512 3581 Item
525 3522 604 3596 quod
625 3523 751 3595 Passek,
775 3520 861 3602 Zy‘lra
882 3533 912 3583 et
933 3523 1058 3584 Karban
1080 3531 1202 3602 egentes
1224 3524 1295 3585 facti
1315 3525 1377 3586 fue-

80 3612 158 3683 rint,
198 3607 252 3666 ubi
283 3614 383 3666 tamen
411 3608 453 3684 pii
486 3617 515 3667 et
539 3608 614 3685 justi
635 3618 756 3687 propter
790 3612 860 3671 illos
882 3606 979 3688 capite
1010 3612 1112 3670 levare
1133 3611 1198 3670 ausi
1218 3630 1277 3671 non
1300 3625 1377 3676 sunt.

76 3693 162 3756 Item
189 3700 331 3754 notantur
358 3712 513 3771 personae,
536 3714 612 3770 quae
633 3693 665 3756 in
694 3697 740 3756 bis
763 3697 896 3758 dissidiis
918 3699 956 3758 de
975 3706 1080 3757 senatu
1102 3714 1253 3772 nunquam
1276 3699 1377 3759 deces-

79 3788 202 3855 serunt,
236 3781 358 3840 tandem
379 3801 451 3843 vero
473 3801 512 3839 ex
534 3784 674 3844 mandato
695 3783 780 3862 regio
803 3780 942 3865 depositi,
965 3786 1003 3844 ad
1024 3783 1106 3844 nulla
1127 3785 1255 3844 consilia
1276 3787 1377 3846 vocati

295 3867 422 3930 fuerunt.
467 3867 548 3943 Quos
572 3870 680 3931 iterum
701 3890 756 3930 rex
785 3873 980 3933 transactioni
1001 3870 1093 3931 tradit
1115 3879 1170 3932 etc.

172 4013 370 4102 Sequentem
392 4019 576 4086 libertatem
597 4022 685 4090 cives
707 4026 891 4112 Pragenses
914 4022 1071 4112 (scilicet)
1096 4021 1156 4088 sub
1178 4020 1244 4087 illis
1266 4019 1375 4087 duec-

79 4118 213 4185 toribus
234 4121 269 4184 in
289 4121 347 4188 illa
369 4125 489 4190 unione
511 4124 695 4194 habuerunt
718 4156 736 4194 a
758 4138 894 4218 quatuor
916 4129 1010 4195 annis
1033 4128 1184 4195 continuo
1207 4126 1376 4214 sequenti·

79 4223 154 4308 bus,
179 4223 222 4290 ab
246 4223 302 4292 illo
325 4249 442 4316 nempe
464 4238 620 4319 tempore,
637 4254 700 4320 quo
711 4233 769 4302 illa
781 4234 897 4301 seditio
908 4236 994 4299 inter
1005 4230 1077 4298 illos
1090 4231 1217 4297 initium
1231 4231 1375 4317 sumpsit.

168 4328 302 4415 Primo,
324 4334 632 4422 quicunquevoluit
648 4339 704 4425 jus
727 4362 821 4405 suum
843 4338 1000 4421 obtinere,
1013 4336 1067 4423 vel
1085 4335 1227 4423 aliquam
1238 4335 1376 4423 gratiam

82 4453 197 4498 coram
221 4432 358 4521 judicio,
381 4436 435 4504 vel
466 4438 652 4527 ubicunque
679 4441 768 4526 alibi,
798 4441 841 4508 ad
868 4441 951 4509 illud
981 4442 1153 4529 pervenire
1174 4462 1240 4507 non
1260 4439 1376 4528 potuit,

83 4541 148 4605 nisi
172 4538 237 4605 sibi
259 4543 352 4628 quasi
374 4547 489 4613 emerit
509 4568 569 4634 per
590 4545 751 4613 notabiles
773 4546 949 4613 solutiones
966 4548 1146 4636 jussuum,
1180 4545 1373 4634 praeprimis

84 4643 171 4731 apud
192 4644 330 4732 Passek,
343 4657 376 4714 et
395 4649 459 4716 hoe
480 4650 577 4718 modo
598 4649 680 4716 haec
701 4651 862 4717 dissensio
885 4659 998 4719 contra
1019 4651 1213 4719 Pickhartas
1234 4647 1301 4716 illis
1323 4647 1374 4713 di-

85 4750 268 4818 rectoribus
291 4754 412 4840 optime
434 4754 667 4846 applicabatur.
711 4756 796 4826 Nam
816 4758 1087 4848 aquinquaginta
1108 4757 1204 4827 annis
1225 4752 1374 4824 aedificia
