2946 5086
101 158 164 223 262

101 328 203 411 tollat,
236 326 604 415 supprimat,destruat
637 338 671 393 et
692 327 860 409 annihilet,
893 327 1071 407 confidens,
1103 326 1192 413 quod
1226 349 1262 390 se
1294 326 1395 391 iubis

104 431 295 500 obedienter
317 440 349 497 et
371 429 531 497 submisse
561 442 695 519 gerent;
731 430 782 497 his
816 452 894 518 ergo
926 431 1069 497 contenti
1101 452 1175 495 esse
1205 429 1394 497 debuerunt.

104 536 190 619 Quis¹
207 557 295 600 nunc
316 536 509 621 invenietur,
540 539 596 625 qui
617 535 742 604 furores
765 557 876 602 eorum
905 534 1111 602 conscribere
1133 534 1278 622 posset?
1321 535 1394 600 Post

98 639 221 726 aliquot
242 640 328 707 enim
352 643 549 729 septimanas
572 640 816 709 dieDominica
838 639 920 707 festo
942 639 1056 707 Sancti
1078 637 1245 729 Arnolphi
1267 639 1393 728 quidam

100 742 286 811 sacerdotes
320 744 472 812 concitati
505 748 586 813 citra
621 745 778 834 plurimas
812 744 921 811 literas
952 746 1062 831 regias
1094 743 1205 810 furore
1242 766 1302 810 suo
1333 767 1394 811 non

99 848 246 932 cedente,
269 848 346 915 dum
368 859 424 917 aut
445 850 674 917 nonfaverunt
697 848 847 917 exulibus
870 849 952 915 tales
968 850 1089 936 gratias
1111 848 1231 934 regias,
1255 847 1342 937 velj

97 952 140 1019 ad
172 953 386 1019 terminuma
414 954 487 1020 Deo
521 955 568 1021 eis
602 953 799 1019 destinatum
828 959 1053 1042 properarunt,
1086 950 1333 1039 proclamarunt
1363 960 1392 1017 et

100 1056 192 1145 quasi
214 1056 363 1123 homines
393 1057 544 1143 audaces,
577 1056 735 1146 impudici
773 1066 805 1123 et
837 1056 878 1123 ab
910 1059 998 1124 omni
1030 1056 1116 1124 bono
1138 1055 1244 1122 alieni
1274 1056 1393 1123 rabiem

100 1183 190 1245 suam
213 1183 273 1250 per
294 1160 450 1227 ecclesias
483 1162 739 1250 promulgarunt,
773 1164 982 1253 prohibentes
1012 1163 1129 1228 iterum
1163 1161 1394 1245 communitati,

98 1273 134 1331 ut
155 1287 229 1330 eum
251 1266 480 1354 suprascriptis
509 1266 662 1353 relegatis
697 1291 764 1335 non
794 1275 1035 1349 conversentur,
1072 1287 1127 1331 eos
1156 1287 1223 1331 non
1249 1265 1394 1343 salutent,

98 1392 203 1456 neque
237 1369 279 1435 ad
302 1368 415 1435 domos
438 1378 470 1435 et
499 1369 714 1439 habitationes
747 1395 822 1439 suas
854 1395 910 1440 eos
932 1371 1114 1453 admittant,
1145 1371 1193 1435 eis
1215 1369 1302 1435 nihil
1323 1393 1395 1436 ven·

99 1464 186 1558 derit,
208 1496 270 1540 uec
293 1473 468 1561 quidquam
490 1473 532 1538 ab
555 1473 620 1541 illis
643 1484 761 1560 emant,
793 1475 857 1542 illis
892 1498 957 1542 non
979 1475 1161 1563 loquantur,
1196 1474 1264 1538 imo
1288 1462 1331 1539 eir
1351 1475 1395 1539 in·

99 1587 189 1665 tegro
212 1599 267 1644 eos
291 1579 410 1664 vitent3
439 1577 578 1667 populus
600 1603 690 1663 vero,
720 1591 753 1647 ut
777 1590 882 1665 antea,
914 1580 961 1647 sic
983 1579 1150 1667 hucusque
1173 1599 1307 1666 semper
1328 1601 1395 1666 pro·

97 1683 273 1749 bibitiones
296 1682 424 1750 illorum
448 1686 643 1774 contempsit
664 1694 697 1751 et
718 1683 834 1753 leviter
846 1684 1048 1766 aestimavit,
1082 1681 1167 1748 nihil
1190 1704 1248 1747 eos
1272 1704 1395 1763 curans,

96 1788 161 1852 nisi
184 1787 317 1875 quidam
339 1787 415 1856 huic
437 1788 552 1856 turbae
575 1789 700 1856 similes
723 1790 758 1855 in
780 1790 900 1875 exiguo
922 1809 1067 1855 numero.
1090 1786 1164 1851 Hoc
1187 1787 1277 1851 enim
1301 1787 1394 1854 modo

98 1889 221 1955 nullum
244 1892 427 1980 profectum
449 1894 569 1983 populo
592 1917 726 1961 causare
756 1892 979 1978 intendebant,
1012 1894 1077 1957 imo
1101 1913 1163 1957 nec
1183 1890 1347 1958 honorem
1369 1901 1396 1958 et

97 1994 229 2061 laudem
243 1997 318 2080 Dei,
344 1998 430 2086 quod
453 2008 561 2065 tamen
583 2021 682 2087 agere
704 1999 746 2065 de
768 1999 910 2064 essentia
932 1994 1066 2063 cuilibet
1080 1998 1238 2082 magistro
1262 2009 1396 2089 spectat,

98 2099 156 2165 sed
178 2100 337 2167 invidiam
360 2111 393 2168 et
414 2102 552 2170 dissidia
580 2105 684 2190 magis
708 2125 838 2192 semper
871 2099 1128 2186 disseminabant
1161 2109 1298 2189 propter
1320 2126 1393 2190 aug·

97 2214 242 2271 mentum
264 2205 369 2273 laudis
393 2216 426 2273 et
447 2207 578 2275 honoris
601 2211 652 2274 sui
672 2209 807 2298 proprii.
851 2206 929 2296 Ipsa
958 2213 1065 2272 autem
1088 2227 1169 2272 sana
1190 2207 1276 2273 ratio
1299 2216 1396 2291 vetat,

97 2333 139 2405 ne
162 2309 258 2377 homo
282 2311 346 2379 sibi
368 2312 476 2397 simili,
511 2314 685 2393 autetiam
709 2312 837 2378 cuidam
866 2320 969 2377 status
992 2308 1116 2376 altiorm
1139 2323 1253 2381 coacte
1276 2317 1395 2382 malum

99 2414 263 2504 quoddam
296 2417 423 2500 inferat,
457 2427 490 2483 et
512 2418 538 2482 si
572 2417 637 2484 tale
669 2415 793 2505 aliquid
823 2422 927 2481 tentat
962 2413 1121 2481 violenter
1158 2426 1305 2503 coactus,
1339 2442 1396 2487 nec

97 2522 242 2587 animum
271 2529 328 2587 aut
349 2521 548 2587 desiderium
585 2521 628 2588 ad
651 2521 768 2588 similia
804 2519 940 2602 habens,
977 2518 1086 2584 nullus
1120 2521 1243 2588 exinde
1275 2524 1395 2591 frocus

97 2628 290 2714 praesertim
314 2625 494 2715 spiritualis
515 2649 577 2692 nec
600 2629 710 2714 agenti
742 2647 849 2714 neque
871 2647 970 2712 agere
994 2629 1125 2714 cogenti
1147 2633 1313 2717 provenit,
1336 2634 1394 2698 nisi

97 2730 184 2797 solae
206 2752 331 2818 poenae
362 2730 546 2814 infernales,
580 2733 656 2816 quia
679 2730 749 2797 sola
770 2730 903 2816 ¹inuidia
925 2739 957 2795 et
979 2730 1177 2798 desiderium
1199 2735 1325 2802 malum
1347 2738 1393 2803 hic

97 2835 202 2919 alitur,
227 2834 409 2920 exquibus
432 2834 619 2923 frequenter
642 2835 788 2919 dissidia,
811 2836 877 2901 imo
899 2837 1075 2904 homicidia
1097 2841 1308 2925 proveniunt.

631 3045 781 3113 CAPUT
803 3049 856 3115 30.

97 3248 134 3304 Iri
159 3263 216 3321 quo
238 3245 415 3319 insinuatur,
450 3246 529 3319 quod
562 3244 604 3301 illi
634 3244 749 3303 Passek
773 3253 802 3303 et
836 3244 900 3319 ejus
935 3248 1038 3304 turbae
1075 3266 1187 3304 cornua
1223 3249 1392 3306 deciderint.

98 3332 234 3390 Tandem
272 3336 347 3408 quod
372 3332 506 3392 Czahera
543 3326 572 3388 in
607 3332 733 3390 comitiis
756 3331 899 3390 Budvicii
934 3351 1033 3390 coram
1065 3353 1136 3410 rege
1164 3335 1335 3394 admonitus
1367 3346 1392 3394 et

99 3421 135 3476 de
158 3419 289 3494 ejusdem
313 3420 442 3479 falsitate
465 3419 632 3494 inculpatus
656 3418 753 3477 luerit.
799 3418 875 3476 Item
899 3420 977 3492 quod
999 3439 1055 3477 rex
1078 3441 1116 3477 ex
1139 3420 1272 3480 comitiis
1295 3423 1392 3481 literas

98 3525 218 3564 severas
241 3508 448 3584 Pragensibus
471 3506 636 3581 scripserit,
671 3504 767 3582 ipsum
802 3524 872 3564 uero
895 3506 1162 3566 administratorem
1196 3528 1236 3565 ex
1260 3510 1390 3568 omnibus

98 3593 262 3670 provinciis
296 3595 387 3671 regiis
410 3587 486 3651 ¹suis
520 3594 643 3652 exulare
660 3591 795 3666 jusserit,
828 3600 858 3650 et
879 3594 1026 3666 quomodo
1059 3593 1087 3653 ei
1113 3595 1146 3653 in
1181 3595 1232 3652 via
1265 3598 1391 3668 cesserit,

97 3682 178 3756 quod
200 3700 267 3741 euru
289 3681 367 3741 sicut
388 3680 479 3740 aliurn
505 3680 689 3741 malitiosum
711 3681 839 3739 tolerare
860 3681 1011 3740 noluerint
1033 3682 1180 3741 stlocum
1202 3683 1392 3745 habitationis

636 3787 696 3826 non
718 3767 857 3827 faverint.

184 3919 244 3985 Illo
279 3940 356 4005 crgo
390 3926 544 4005 tempore,
572 3916 656 3982 -dum
686 3941 705 3982 a
738 3916 858 3983 talibus
893 3919 970 4002 suis,
1008 3940 1074 3984 non
1110 3916 1302 4003 christiano,
1336 3942 1394 3985 nec

99 4025 241 4090 humano
262 4022 358 4089 modo
381 4024 549 4088 concitatis
594 4022 739 4087 dissidiis
772 4024 921 4109 magistri
941 4022 1002 4087 'illi
1034 4022 1194 4087 desistere
1227 4023 1394 4102 noluisset,

91 4134 181 4220 juste
202 4129 283 4196 illud
305 4150 474 4194 commune
510 4127 719 4217 proverbium
749 4126 967 4215 implebatur:
1004 4127 1090 4217 quod
1112 4126 1199 4192 bono
1237 4140 1395 4216 regnante

97 4237 228 4302 domino
249 4234 353 4301 bonus
391 4234 535 4300 omnium
558 4240 712 4319 sequatur
742 4255 932 4320 successus3
964 4233 1042 4299 dum
1064 4231 1149 4298 cuim
1171 4232 1302 4300 Passek
1325 4257 1395 4301 cum

96 4341 194 4407 sociis
217 4362 338 4406 cornua
372 4338 544 4427 superbiae
580 4346 693 4404 contra
724 4359 836 4424 regem
871 4337 1037 4405 dominum
1070 4360 1165 4404 suum
1201 4341 1395 4423 erexissent,

97 4447 234 4533 contigit
263 4443 405 4527 tandem,
444 4441 685 4531 quodpropter
720 4441 802 4507 tales
826 4442 1066 4509 inobedientiae
1094 4464 1252 4511 excessus
1276 4469 1397 4515 cornua

97 4549 179 4615 haec
200 4549 250 4614 illi
272 4571 338 4614 una
360 4570 434 4614 cum
467 4546 541 4612 aliis
564 4547 691 4635 dejecta
724 4547 845 4614 fuerint
877 4549 912 4613 in
949 4548 1160 4614 renovatione
1197 4560 1335 4619 senatus
1368 4561 1397 4620 et

99 4653 258 4719 divisione
279 4654 420 4736 unionis,
452 4673 489 4717 ac
518 4650 650 4717 tandem
682 4654 778 4719 etiam
801 4654 836 4719 in
867 4651 1066 4740 relegatione
1101 4654 1253 4742 ejusdem
1277 4680 1298 4723 a
1321 4681 1397 4747 rege

83 4756 184 4838 mota,
208 4756 253 4826 de
275 4778 343 4848 qua
365 4755 461 4829 brevi
482 4755 621 4831 dicetur.
662 4756 738 4827 Tali
758 4759 857 4826 etiam
878 4758 986 4847 modo,
1008 4780 1082 4828 cum
1103 4758 1221 4829 Gallus
1246 4761 1396 4835 Oaahcra
