<?xml version="1.0" encoding="UTF-8"?>
<!DOCTYPE html PUBLIC "-//W3C//DTD XHTML 1.0 Transitional//EN"
    "http://www.w3.org/TR/xhtml1/DTD/xhtml1-transitional.dtd">
<html xmlns="http://www.w3.org/1999/xhtml" xml:lang="en" lang="en">
 <head>
  <title>
</title>
<meta http-equiv="Content-Type" content="text/html;charset=utf-8" />
  <meta name='ocr-system' content='tesseract 3.04.00' />
  <meta name='ocr-capabilities' content='ocr_page ocr_carea ocr_par ocr_line ocrx_word'/>
</head>
<body>
  <div class='ocr_page' id='page_1' title='image "./desbartholomaeu00hfgoog_0157.png"; bbox 0 0 2946 5086; ppageno 0'>
   <div class='ocr_carea' id='block_1_1' title="bbox 159 187 223 257">
    <p class='ocr_par' dir='ltr' id='par_1_1' title="bbox 159 187 223 257">
     <span class='ocr_line' id='line_1_1' title="bbox 159 187 223 257; baseline 0.063 -4"><span class='ocrx_word' id='word_1_1' title='bbox 159 187 223 257; x_wconf 77' lang='lat'><strong>164</strong></span> 
     </span>
    </p>
   </div>
   <div class='ocr_carea' id='block_1_2' title="bbox 99 354 1473 4847">
    <p class='ocr_par' dir='ltr' id='par_1_2' title="bbox 99 354 1473 4847">
     <span class='ocr_line' id='line_1_2' title="bbox 154 354 1438 439; baseline 0.001 -15"><span class='ocrx_word' id='word_1_2' title='bbox 154 358 232 424; x_wconf 92' lang='lat' dir='ltr'><strong>dum</strong></span> <span class='ocrx_word' id='word_1_3' title='bbox 253 357 310 424; x_wconf 89' lang='lat' dir='ltr'><strong>alii</strong></span> <span class='ocrx_word' id='word_1_4' title='bbox 343 355 528 439; x_wconf 80' lang='lat' dir='ltr'><strong>vociferant,</strong></span> <span class='ocrx_word' id='word_1_5' title='bbox 552 355 649 420; x_wconf 89' lang='lat' dir='ltr'><strong>etiam</strong></span> <span class='ocrx_word' id='word_1_6' title='bbox 669 354 727 421; x_wconf 91' lang='lat' dir='ltr'><strong>ille</strong></span> <span class='ocrx_word' id='word_1_7' title='bbox 747 355 925 424; x_wconf 84' lang='lat' dir='ltr'><strong>vociferare</strong></span> <span class='ocrx_word' id='word_1_8' title='bbox 957 355 1086 424; x_wconf 79' lang='lat' dir='ltr'><strong>debeat.</strong></span> <span class='ocrx_word' id='word_1_9' title='bbox 1129 355 1290 424; x_wconf 84' lang='lat' dir='ltr'><strong>Auditum</strong></span> <span class='ocrx_word' id='word_1_10' title='bbox 1321 358 1386 424; x_wconf 90' lang='lat' dir='ltr'><strong>imo</strong></span> <span class='ocrx_word' id='word_1_11' title='bbox 1407 358 1438 425; x_wconf 90' lang='lat' dir='ltr'><strong>de</strong></span> 
     </span>
     <span class='ocr_line' id='line_1_3' title="bbox 155 458 1438 551; baseline 0 -23"><span class='ocrx_word' id='word_1_12' title='bbox 155 460 351 551; x_wconf 88' lang='lat' dir='ltr'><strong>quibusdam</strong></span> <span class='ocrx_word' id='word_1_13' title='bbox 371 460 478 546; x_wconf 84' lang='lat' dir='ltr'><strong>Praga</strong></span> <span class='ocrx_word' id='word_1_14' title='bbox 500 460 644 525; x_wconf 83' lang='lat' dir='ltr'><strong>excessis</strong></span> <span class='ocrx_word' id='word_1_15' title='bbox 667 458 737 543; x_wconf 80' lang='lat' dir='ltr'><strong>tuit,</strong></span> <span class='ocrx_word' id='word_1_16' title='bbox 762 459 847 547; x_wconf 93' lang='lat' dir='ltr'><strong>quod</strong></span> <span class='ocrx_word' id='word_1_17' title='bbox 868 461 936 527; x_wconf 85' lang='lat' dir='ltr'><strong>vita</strong></span> <span class='ocrx_word' id='word_1_18' title='bbox 957 461 1095 529; x_wconf 78' lang='lat' dir='ltr'><strong>fuissent</strong></span> <span class='ocrx_word' id='word_1_19' title='bbox 1115 462 1245 550; x_wconf 85' lang='lat' dir='ltr'><strong>privati,</strong></span> <span class='ocrx_word' id='word_1_20' title='bbox 1271 462 1342 528; x_wconf 82' lang='lat' dir='ltr'><strong>eine</strong></span> <span class='ocrx_word' id='word_1_21' title='bbox 1364 464 1438 528; x_wconf 89' lang='lat' dir='ltr'><strong>omni</strong></span> 
     </span>
     <span class='ocr_line' id='line_1_4' title="bbox 156 561 1438 655; baseline 0 -22"><span class='ocrx_word' id='word_1_22' title='bbox 156 566 260 655; x_wconf 91' lang='lat' dir='ltr'><strong>culpa,</strong></span> <span class='ocrx_word' id='word_1_23' title='bbox 283 568 311 632; x_wconf 90' lang='lat' dir='ltr'><strong>si</strong></span> <span class='ocrx_word' id='word_1_24' title='bbox 332 586 501 631; x_wconf 89' lang='lat' dir='ltr'><strong>accessum</strong></span> <span class='ocrx_word' id='word_1_25' title='bbox 525 565 642 652; x_wconf 83' lang='lat' dir='ltr'>reliqui</span> <span class='ocrx_word' id='word_1_26' title='bbox 663 561 706 629; x_wconf 89' lang='lat' dir='ltr'><strong>ed</strong></span> <span class='ocrx_word' id='word_1_27' title='bbox 728 586 784 629; x_wconf 88' lang='lat' dir='ltr'><strong>eos</strong></span> <span class='ocrx_word' id='word_1_28' title='bbox 805 566 1016 650; x_wconf 83' lang='lat' dir='ltr'><strong>invenissent,</strong></span> <span class='ocrx_word' id='word_1_29' title='bbox 1038 575 1136 653; x_wconf 90' lang='lat' dir='ltr'><strong>prout</strong></span> <span class='ocrx_word' id='word_1_30' title='bbox 1154 574 1271 655; x_wconf 82' lang='lat' dir='ltr'><strong>postea</strong></span> <span class='ocrx_word' id='word_1_31' title='bbox 1292 566 1438 651; x_wconf 86' lang='lat' dir='ltr'><strong>audietur,</strong></span> 
     </span>
     <span class='ocr_line' id='line_1_5' title="bbox 156 669 1438 761; baseline 0.002 -25"><span class='ocrx_word' id='word_1_32' title='bbox 156 671 242 760; x_wconf 90' lang='lat' dir='ltr'><strong>quod</strong></span> <span class='ocrx_word' id='word_1_33' title='bbox 265 670 346 736; x_wconf 91' lang='lat' dir='ltr'><strong>nulli</strong></span> <span class='ocrx_word' id='word_1_34' title='bbox 368 669 544 758; x_wconf 86' lang='lat' dir='ltr'><strong>quidquam</strong></span> <span class='ocrx_word' id='word_1_35' title='bbox 581 669 720 758; x_wconf 87' lang='lat' dir='ltr'><strong>probare</strong></span> <span class='ocrx_word' id='word_1_36' title='bbox 741 672 915 758; x_wconf 87' lang='lat' dir='ltr'><strong>potuerint.</strong></span> <span class='ocrx_word' id='word_1_37' title='bbox 958 669 1116 761; x_wconf 80' lang='lat' dir='ltr'><strong>Adeoque</strong></span> <span class='ocrx_word' id='word_1_38' title='bbox 1139 672 1317 760; x_wconf 81' lang='lat' dir='ltr'>diligenter</span> <span class='ocrx_word' id='word_1_39' title='bbox 1337 672 1438 739; x_wconf 84' lang='lat' dir='ltr'><strong>adver·</strong></span> 
     </span>
     <span class='ocr_line' id='line_1_6' title="bbox 154 759 1473 868; baseline 0.002 -28"><span class='ocrx_word' id='word_1_40' title='bbox 154 775 287 840; x_wconf 89' lang='lat' dir='ltr'><strong>tendum</strong></span> <span class='ocrx_word' id='word_1_41' title='bbox 310 775 364 840; x_wconf 88' lang='lat' dir='ltr'><strong>hic</strong></span> <span class='ocrx_word' id='word_1_42' title='bbox 387 783 445 858; x_wconf 84' lang='lat' dir='ltr'><strong>eet,</strong></span> <span class='ocrx_word' id='word_1_43' title='bbox 470 774 547 862; x_wconf 93' lang='lat' dir='ltr'><strong>quid</strong></span> <span class='ocrx_word' id='word_1_44' title='bbox 570 774 654 839; x_wconf 86' lang='lat' dir='ltr'><strong>inter</strong></span> <span class='ocrx_word' id='word_1_45' title='bbox 676 776 832 862; x_wconf 87' lang='lat' dir='ltr'><strong>quosdam</strong></span> <span class='ocrx_word' id='word_1_46' title='bbox 854 776 1002 843; x_wconf 87' lang='lat' dir='ltr'><strong>homines</strong></span> <span class='ocrx_word' id='word_1_47' title='bbox 1018 777 1249 844; x_wconf 80' lang='lat' dir='ltr'><strong>fraudulentos</strong></span> <span class='ocrx_word' id='word_1_48' title='bbox 1285 777 1439 868; x_wconf 86' lang='lat' dir='ltr'><strong>ajustitia</strong></span> <span class='ocrx_word' id='word_1_49' title='bbox 1472 759 1473 771; x_wconf 11' lang='grc' dir='ltr'>ἵ</span> 
     </span>
     <span class='ocr_line' id='line_1_7' title="bbox 155 879 1439 968; baseline 0.002 -23"><span class='ocrx_word' id='word_1_50' title='bbox 155 879 277 946; x_wconf 91' lang='lat' dir='ltr'><strong>alienos</strong></span> <span class='ocrx_word' id='word_1_51' title='bbox 299 889 422 965; x_wconf 81' lang='lat' dir='ltr'><strong>agatur,</strong></span> <span class='ocrx_word' id='word_1_52' title='bbox 446 881 502 967; x_wconf 92' lang='lat' dir='ltr'><strong>qui</strong></span> <span class='ocrx_word' id='word_1_53' title='bbox 524 901 583 965; x_wconf 88' lang='lat' dir='ltr'><strong>pro</strong></span> <span class='ocrx_word' id='word_1_54' title='bbox 607 890 694 944; x_wconf 87' lang='lat' dir='ltr'><strong>certo</strong></span> <span class='ocrx_word' id='word_1_55' title='bbox 718 881 818 946; x_wconf 90' lang='lat' dir='ltr'><strong>animi</strong></span> <span class='ocrx_word' id='word_1_56' title='bbox 840 881 889 946; x_wconf 89' lang='lat' dir='ltr'><strong>sui</strong></span> <span class='ocrx_word' id='word_1_57' title='bbox 911 882 1059 968; x_wconf 85' lang='lat' dir='ltr'><strong>perversi</strong></span> <span class='ocrx_word' id='word_1_58' title='bbox 1071 890 1264 967; x_wconf 83' lang='lat' dir='ltr'><strong>argumento</strong></span> <span class='ocrx_word' id='word_1_59' title='bbox 1280 882 1345 949; x_wconf 90' lang='lat' dir='ltr'><strong>hoc</strong></span> <span class='ocrx_word' id='word_1_60' title='bbox 1358 904 1439 948; x_wconf 87' lang='lat' dir='ltr'><strong>assu·</strong></span> 
     </span>
     <span class='ocr_line' id='line_1_8' title="bbox 154 984 1439 1075; baseline 0.002 -25"><span class='ocrx_word' id='word_1_61' title='bbox 154 994 255 1068; x_wconf 91' lang='lat' dir='ltr'><strong>munt,</strong></span> <span class='ocrx_word' id='word_1_62' title='bbox 279 984 446 1049; x_wconf 79' lang='lat' dir='ltr'><strong>dicentes:</strong></span> <span class='ocrx_word' id='word_1_63' title='bbox 471 986 498 1048; x_wconf 89' lang='lat' dir='ltr'><strong>si</strong></span> <span class='ocrx_word' id='word_1_64' title='bbox 521 1008 596 1049; x_wconf 88' lang='lat' dir='ltr'><strong>reus</strong></span> <span class='ocrx_word' id='word_1_65' title='bbox 618 985 652 1050; x_wconf 90' lang='lat' dir='ltr'><strong>in</strong></span> <span class='ocrx_word' id='word_1_66' title='bbox 675 985 738 1052; x_wconf 88' lang='lat' dir='ltr'><strong>hac</strong></span> <span class='ocrx_word' id='word_1_67' title='bbox 759 1008 795 1051; x_wconf 89' lang='lat' dir='ltr'><strong>re</strong></span> <span class='ocrx_word' id='word_1_68' title='bbox 825 1006 891 1050; x_wconf 89' lang='lat' dir='ltr'><strong>non</strong></span> <span class='ocrx_word' id='word_1_69' title='bbox 920 996 1007 1051; x_wconf 82' lang='lat' dir='ltr'><strong>esset</strong></span> <span class='ocrx_word' id='word_1_70' title='bbox 1028 995 1060 1052; x_wconf 90' lang='lat' dir='ltr'><strong>et</strong></span> <span class='ocrx_word' id='word_1_71' title='bbox 1081 986 1201 1053; x_wconf 89' lang='lat' dir='ltr'><strong>malum</strong></span> <span class='ocrx_word' id='word_1_72' title='bbox 1223 1009 1291 1053; x_wconf 88' lang='lat' dir='ltr'><strong>non</strong></span> <span class='ocrx_word' id='word_1_73' title='bbox 1321 989 1439 1075; x_wconf 82' lang='lat' dir='ltr'><strong>egisset,</strong></span> 
     </span>
     <span class='ocr_line' id='line_1_9' title="bbox 156 1087 1440 1181; baseline 0.004 -27"><span class='ocrx_word' id='word_1_74' title='bbox 156 1099 311 1170; x_wconf 87' lang='lat' dir='ltr'><strong>maneret,</strong></span> <span class='ocrx_word' id='word_1_75' title='bbox 334 1112 440 1177; x_wconf 91' lang='lat' dir='ltr'><strong>neque</strong></span> <span class='ocrx_word' id='word_1_76' title='bbox 463 1111 498 1154; x_wconf 88' lang='lat' dir='ltr'><strong>se</strong></span> <span class='ocrx_word' id='word_1_77' title='bbox 521 1087 716 1173; x_wconf 88' lang='lat' dir='ltr'><strong>absentaret,</strong></span> <span class='ocrx_word' id='word_1_78' title='bbox 740 1088 827 1177; x_wconf 88' lang='lat' dir='ltr'><strong>quod</strong></span> <span class='ocrx_word' id='word_1_79' title='bbox 850 1089 981 1179; x_wconf 89' lang='lat' dir='ltr'><strong>quidem</strong></span> <span class='ocrx_word' id='word_1_80' title='bbox 1002 1091 1144 1179; x_wconf 62' lang='lat' dir='ltr'><strong>‚quadam</strong></span> <span class='ocrx_word' id='word_1_81' title='bbox 1166 1115 1209 1159; x_wconf 84' lang='lat' dir='ltr'><strong>ex</strong></span> <span class='ocrx_word' id='word_1_82' title='bbox 1231 1103 1440 1181; x_wconf 80' lang='lat' dir='ltr'><strong>partaverunt</strong></span> 
     </span>
     <span class='ocr_line' id='line_1_10' title="bbox 156 1193 1442 1287; baseline -0.001 -23"><span class='ocrx_word' id='word_1_83' title='bbox 156 1221 228 1264; x_wconf 89' lang='lat' dir='ltr'><strong>esse</strong></span> <span class='ocrx_word' id='word_1_84' title='bbox 250 1207 395 1287; x_wconf 87' lang='lat' dir='ltr'><strong>apparet,</strong></span> <span class='ocrx_word' id='word_1_85' title='bbox 432 1194 490 1259; x_wconf 90' lang='lat' dir='ltr'><strong>sed</strong></span> <span class='ocrx_word' id='word_1_86' title='bbox 528 1193 587 1260; x_wconf 88' lang='lat' dir='ltr'><strong>sub</strong></span> <span class='ocrx_word' id='word_1_87' title='bbox 626 1194 852 1281; x_wconf 79' lang='lat' dir='ltr'><strong>distinction03</strong></span> <span class='ocrx_word' id='word_1_88' title='bbox 875 1194 962 1284; x_wconf 89' lang='lat' dir='ltr'><strong>apud</strong></span> <span class='ocrx_word' id='word_1_89' title='bbox 998 1196 1146 1262; x_wconf 87' lang='lat' dir='ltr'><strong>homines</strong></span> <span class='ocrx_word' id='word_1_90' title='bbox 1173 1220 1253 1264; x_wconf 84' lang='lat' dir='ltr'><strong>vero</strong></span> <span class='ocrx_word' id='word_1_91' title='bbox 1275 1197 1442 1286; x_wconf 73' lang='lat' dir='ltr'><strong>prudentes</strong></span> 
     </span>
     <span class='ocr_line' id='line_1_11' title="bbox 156 1299 1444 1391; baseline 0.002 -24"><span class='ocrx_word' id='word_1_92' title='bbox 156 1302 330 1391; x_wconf 90' lang='lat' dir='ltr'><strong>plurimum</strong></span> <span class='ocrx_word' id='word_1_93' title='bbox 352 1323 410 1389; x_wconf 90' lang='lat' dir='ltr'><strong>pro</strong></span> <span class='ocrx_word' id='word_1_94' title='bbox 435 1300 554 1387; x_wconf 89' lang='lat' dir='ltr'><strong>injuria</strong></span> <span class='ocrx_word' id='word_1_95' title='bbox 577 1299 774 1365; x_wconf 84' lang='lat' dir='ltr'><strong>aestimatur.</strong></span> <span class='ocrx_word' id='word_1_96' title='bbox 799 1299 878 1381; x_wconf 80' lang='lat' dir='ltr'><strong>Quis</strong></span> <span class='ocrx_word' id='word_1_97' title='bbox 911 1302 998 1367; x_wconf 90' lang='lat' dir='ltr'><strong>enim</strong></span> <span class='ocrx_word' id='word_1_98' title='bbox 1019 1311 1126 1368; x_wconf 89' lang='lat' dir='ltr'><strong>actum</strong></span> <span class='ocrx_word' id='word_1_99' title='bbox 1147 1300 1241 1367; x_wconf 89' lang='lat' dir='ltr'><strong>illum</strong></span> <span class='ocrx_word' id='word_1_100' title='bbox 1260 1301 1444 1390; x_wconf 81' lang='lat' dir='ltr'><strong>prudentem</strong></span> 
     </span>
     <span class='ocr_line' id='line_1_12' title="bbox 158 1402 1441 1494; baseline 0 -22"><span class='ocrx_word' id='word_1_101' title='bbox 158 1429 230 1473; x_wconf 88' lang='lat' dir='ltr'><strong>esse</strong></span> <span class='ocrx_word' id='word_1_102' title='bbox 252 1414 453 1492; x_wconf 86' lang='lat' dir='ltr'><strong>agnosceret,</strong></span> <span class='ocrx_word' id='word_1_103' title='bbox 489 1403 516 1468; x_wconf 91' lang='lat' dir='ltr'><strong>si</strong></span> <span class='ocrx_word' id='word_1_104' title='bbox 538 1402 656 1491; x_wconf 83' lang='lat' dir='ltr'><strong>aliquis</strong></span> <span class='ocrx_word' id='word_1_105' title='bbox 680 1404 740 1470; x_wconf 88' lang='lat' dir='ltr'><strong>sub</strong></span> <span class='ocrx_word' id='word_1_106' title='bbox 763 1428 863 1493; x_wconf 80' lang='lat' dir='ltr'><strong>grave</strong></span> <span class='ocrx_word' id='word_1_107' title='bbox 885 1406 1042 1493; x_wconf 82' lang='lat' dir='ltr'>pistillum</span> <span class='ocrx_word' id='word_1_108' title='bbox 1063 1415 1120 1472; x_wconf 88' lang='lat' dir='ltr'><strong>aut</strong></span> <span class='ocrx_word' id='word_1_109' title='bbox 1137 1405 1228 1472; x_wconf 88' lang='lat' dir='ltr'><strong>aliud</strong></span> <span class='ocrx_word' id='word_1_110' title='bbox 1249 1408 1379 1494; x_wconf 85' lang='lat' dir='ltr'><strong>pondua</strong></span> <span class='ocrx_word' id='word_1_111' title='bbox 1409 1429 1441 1473; x_wconf 87' lang='lat' dir='ltr'><strong>se</strong></span> 
     </span>
     <span class='ocr_line' id='line_1_13' title="bbox 161 1508 1444 1603; baseline 0 -25"><span class='ocrx_word' id='word_1_112' title='bbox 161 1512 339 1594; x_wconf 88' lang='lat' dir='ltr'><strong>collocans,</strong></span> <span class='ocrx_word' id='word_1_113' title='bbox 373 1508 494 1574; x_wconf 91' lang='lat' dir='ltr'><strong>ibidem</strong></span> <span class='ocrx_word' id='word_1_114' title='bbox 527 1508 743 1596; x_wconf 79' lang='lat' dir='ltr'><strong>persisteret?</strong></span> <span class='ocrx_word' id='word_1_115' title='bbox 776 1510 829 1576; x_wconf 89' lang='lat' dir='ltr'><strong>vel</strong></span> <span class='ocrx_word' id='word_1_116' title='bbox 853 1512 879 1575; x_wconf 88' lang='lat' dir='ltr'><strong>si</strong></span> <span class='ocrx_word' id='word_1_117' title='bbox 912 1512 984 1599; x_wconf 90' lang='lat' dir='ltr'><strong>quis</strong></span> <span class='ocrx_word' id='word_1_118' title='bbox 1016 1513 1051 1577; x_wconf 90' lang='lat' dir='ltr'><strong>in</strong></span> <span class='ocrx_word' id='word_1_119' title='bbox 1088 1511 1228 1600; x_wconf 88' lang='lat' dir='ltr'><strong>quadam</strong></span> <span class='ocrx_word' id='word_1_120' title='bbox 1250 1512 1320 1603; x_wconf 74' lang='lat' dir='ltr'><strong>via,</strong></span> <span class='ocrx_word' id='word_1_121' title='bbox 1359 1534 1444 1601; x_wconf 84' lang='lat' dir='ltr'><strong>quam</strong></span> 
     </span>
     <span class='ocr_line' id='line_1_14' title="bbox 157 1613 1443 1705; baseline 0 -24"><span class='ocrx_word' id='word_1_122' title='bbox 157 1617 314 1705; x_wconf 86' lang='lat' dir='ltr'><strong>perficere</strong></span> <span class='ocrx_word' id='word_1_123' title='bbox 344 1614 454 1696; x_wconf 88' lang='lat' dir='ltr'><strong>vellet,</strong></span> <span class='ocrx_word' id='word_1_124' title='bbox 490 1613 719 1679; x_wconf 89' lang='lat' dir='ltr'><strong>admoneretur</strong></span> <span class='ocrx_word' id='word_1_125' title='bbox 740 1613 781 1679; x_wconf 91' lang='lat' dir='ltr'><strong>de</strong></span> <span class='ocrx_word' id='word_1_126' title='bbox 815 1615 954 1702; x_wconf 88' lang='lat' dir='ltr'><strong>quodam</strong></span> <span class='ocrx_word' id='word_1_127' title='bbox 983 1617 1127 1703; x_wconf 87' lang='lat' dir='ltr'><strong>periculo</strong></span> <span class='ocrx_word' id='word_1_128' title='bbox 1160 1640 1183 1683; x_wconf 88' lang='lat' dir='ltr'><strong>a</strong></span> <span class='ocrx_word' id='word_1_129' title='bbox 1201 1617 1285 1683; x_wconf 86' lang='lat' dir='ltr'><strong>viris</strong></span> <span class='ocrx_word' id='word_1_130' title='bbox 1319 1617 1443 1683; x_wconf 73' lang='lat' dir='ltr'><strong>mmatie</strong></span> 
     </span>
     <span class='ocr_line' id='line_1_15' title="bbox 154 1716 1440 1809; baseline 0 -22"><span class='ocrx_word' id='word_1_131' title='bbox 154 1723 353 1803; x_wconf 85' lang='lat' dir='ltr'>imminente,</span> <span class='ocrx_word' id='word_1_132' title='bbox 377 1718 433 1784; x_wconf 90' lang='lat' dir='ltr'><strong>ubi</strong></span> <span class='ocrx_word' id='word_1_133' title='bbox 457 1716 541 1783; x_wconf 88' lang='lat' dir='ltr'><strong>bona</strong></span> <span class='ocrx_word' id='word_1_134' title='bbox 578 1727 611 1783; x_wconf 89' lang='lat' dir='ltr'><strong>et</strong></span> <span class='ocrx_word' id='word_1_135' title='bbox 632 1719 732 1785; x_wconf 87' lang='lat' dir='ltr'><strong>vitam</strong></span> <span class='ocrx_word' id='word_1_136' title='bbox 754 1717 893 1806; x_wconf 87' lang='lat' dir='ltr'><strong>perdere</strong></span> <span class='ocrx_word' id='word_1_137' title='bbox 929 1728 1041 1806; x_wconf 87' lang='lat' dir='ltr'><strong>poeset</strong></span> <span class='ocrx_word' id='word_1_138' title='bbox 1074 1729 1107 1786; x_wconf 89' lang='lat' dir='ltr'><strong>et</strong></span> <span class='ocrx_word' id='word_1_139' title='bbox 1129 1724 1164 1786; x_wconf 81' lang='lat' dir='ltr'><strong>s&#39;e</strong></span> <span class='ocrx_word' id='word_1_140' title='bbox 1185 1721 1230 1787; x_wconf 87' lang='lat' dir='ltr'><strong>ad</strong></span> <span class='ocrx_word' id='word_1_141' title='bbox 1258 1723 1339 1809; x_wconf 85' lang='lat' dir='ltr'><strong>jura</strong></span> <span class='ocrx_word' id='word_1_142' title='bbox 1358 1742 1440 1787; x_wconf 84' lang='lat' dir='ltr'><strong>revo-</strong></span> 
     </span>
     <span class='ocr_line' id='line_1_16' title="bbox 156 1822 1445 1913; baseline 0 -21"><span class='ocrx_word' id='word_1_143' title='bbox 156 1849 230 1892; x_wconf 90' lang='lat' dir='ltr'><strong>care</strong></span> <span class='ocrx_word' id='word_1_144' title='bbox 264 1848 329 1889; x_wconf 91' lang='lat' dir='ltr'><strong>non</strong></span> <span class='ocrx_word' id='word_1_145' title='bbox 362 1824 496 1906; x_wconf 91' lang='lat' dir='ltr'><strong>valeret,</strong></span> <span class='ocrx_word' id='word_1_146' title='bbox 533 1831 565 1887; x_wconf 95' lang='lat' dir='ltr'><strong>et</strong></span> <span class='ocrx_word' id='word_1_147' title='bbox 595 1832 704 1887; x_wconf 90' lang='lat' dir='ltr'><strong>tamen</strong></span> <span class='ocrx_word' id='word_1_148' title='bbox 727 1845 762 1887; x_wconf 90' lang='lat' dir='ltr'><strong>se</strong></span> <span class='ocrx_word' id='word_1_149' title='bbox 784 1822 833 1889; x_wconf 91' lang='lat' dir='ltr'><strong>illi</strong></span> <span class='ocrx_word' id='word_1_150' title='bbox 855 1823 999 1910; x_wconf 87' lang='lat' dir='ltr'><strong>periculo</strong></span> <span class='ocrx_word' id='word_1_151' title='bbox 1022 1824 1228 1913; x_wconf 78' lang='lat' dir='ltr'><strong>exponeret?</strong></span> <span class='ocrx_word' id='word_1_152' title='bbox 1250 1827 1318 1892; x_wconf 89' lang='lat' dir='ltr'><strong>imo</strong></span> <span class='ocrx_word' id='word_1_153' title='bbox 1341 1834 1445 1892; x_wconf 83' lang='lat' dir='ltr'><strong>natura</strong></span> 
     </span>
     <span class='ocr_line' id='line_1_17' title="bbox 156 1917 1442 2022; baseline 0 -27"><span class='ocrx_word' id='word_1_154' title='bbox 156 1917 353 1996; x_wconf 80' lang='lat' dir='ltr'><strong>animalibus</strong></span> <span class='ocrx_word' id='word_1_155' title='bbox 390 1928 500 2010; x_wconf 90' lang='lat' dir='ltr'><strong>dictat,</strong></span> <span class='ocrx_word' id='word_1_156' title='bbox 536 1936 572 1992; x_wconf 91' lang='lat' dir='ltr'><strong>ut</strong></span> <span class='ocrx_word' id='word_1_157' title='bbox 594 1927 718 1992; x_wconf 88' lang='lat' dir='ltr'><strong>evitent</strong></span> <span class='ocrx_word' id='word_1_158' title='bbox 739 1928 806 1992; x_wconf 87' lang='lat' dir='ltr'><strong>vim</strong></span> <span class='ocrx_word' id='word_1_159' title='bbox 845 1938 877 1992; x_wconf 91' lang='lat' dir='ltr'><strong>et</strong></span> <span class='ocrx_word' id='word_1_160' title='bbox 898 1928 1088 1997; x_wconf 87' lang='lat' dir='ltr'><strong>violentiam</strong></span> <span class='ocrx_word' id='word_1_161' title='bbox 1110 1930 1341 2022; x_wconf 79' lang='lat' dir='ltr'><strong>periculosam,</strong></span> <span class='ocrx_word' id='word_1_162' title='bbox 1375 1929 1442 2019; x_wconf 89' lang='lat' dir='ltr'><strong>quid</strong></span> 
     </span>
     <span class='ocr_line' id='line_1_18' title="bbox 157 2030 1440 2124; baseline -0.002 -24"><span class='ocrx_word' id='word_1_163' title='bbox 157 2035 253 2101; x_wconf 90' lang='lat' dir='ltr'><strong>homo</strong></span> <span class='ocrx_word' id='word_1_164' title='bbox 287 2032 431 2123; x_wconf 88' lang='lat' dir='ltr'><strong>prudens</strong></span> <span class='ocrx_word' id='word_1_165' title='bbox 465 2032 583 2097; x_wconf 90' lang='lat' dir='ltr'><strong>hocin</strong></span> <span class='ocrx_word' id='word_1_166' title='bbox 606 2054 706 2121; x_wconf 88' lang='lat' dir='ltr'><strong>passu</strong></span> <span class='ocrx_word' id='word_1_167' title='bbox 728 2054 793 2097; x_wconf 89' lang='lat' dir='ltr'><strong>non</strong></span> <span class='ocrx_word' id='word_1_168' title='bbox 815 2030 916 2118; x_wconf 75' lang='lat' dir='ltr'><strong>aget?</strong></span> <span class='ocrx_word' id='word_1_169' title='bbox 950 2033 1018 2099; x_wconf 88' lang='lat' dir='ltr'><strong>Aut</strong></span> <span class='ocrx_word' id='word_1_170' title='bbox 1053 2043 1089 2099; x_wconf 88' lang='lat' dir='ltr'><strong>nt</strong></span> <span class='ocrx_word' id='word_1_171' title='bbox 1111 2033 1231 2100; x_wconf 87' lang='lat' dir='ltr'><strong>clarius</strong></span> <span class='ocrx_word' id='word_1_172' title='bbox 1266 2030 1440 2124; x_wconf 74' lang='lat' dir='ltr'><strong>loquarzs&#39;i</strong></span> 
     </span>
     <span class='ocr_line' id='line_1_19' title="bbox 157 2136 1473 2230; baseline 0 -27"><span class='ocrx_word' id='word_1_173' title='bbox 157 2141 228 2227; x_wconf 88' lang='lat' dir='ltr'><strong>quis</strong></span> <span class='ocrx_word' id='word_1_174' title='bbox 265 2140 300 2203; x_wconf 92' lang='lat' dir='ltr'><strong>in</strong></span> <span class='ocrx_word' id='word_1_175' title='bbox 333 2138 388 2203; x_wconf 87' lang='lat' dir='ltr'><strong>via</strong></span> <span class='ocrx_word' id='word_1_176' title='bbox 409 2136 610 2224; x_wconf 88' lang='lat' dir='ltr'><strong>procederet,</strong></span> <span class='ocrx_word' id='word_1_177' title='bbox 648 2137 861 2201; x_wconf 82' lang='lat' dir='ltr'><strong>necessitates</strong></span> <span class='ocrx_word' id='word_1_178' title='bbox 899 2159 973 2201; x_wconf 84' lang='lat' dir='ltr'><strong>suas</strong></span> <span class='ocrx_word' id='word_1_179' title='bbox 1007 2139 1202 2224; x_wconf 88' lang='lat' dir='ltr'><strong>quaerendo,</strong></span> <span class='ocrx_word' id='word_1_180' title='bbox 1227 2140 1327 2207; x_wconf 89' lang='lat' dir='ltr'><strong>simul</strong></span> <span class='ocrx_word' id='word_1_181' title='bbox 1347 2150 1442 2206; x_wconf 86' lang='lat' dir='ltr'><strong>tamen</strong></span> <span class='ocrx_word' id='word_1_182' title='bbox 1466 2158 1473 2230; x_wconf 61' lang='lat' dir='ltr'>l</span> 
     </span>
     <span class='ocr_line' id='line_1_20' title="bbox 158 2228 1473 2335; baseline 0.002 -27"><span class='ocrx_word' id='word_1_183' title='bbox 158 2245 256 2309; x_wconf 86' lang='lat' dir='ltr'><strong>sciret</strong></span> <span class='ocrx_word' id='word_1_184' title='bbox 278 2243 423 2307; x_wconf 88' lang='lat' dir='ltr'><strong>homines</strong></span> <span class='ocrx_word' id='word_1_185' title='bbox 446 2242 603 2329; x_wconf 89' lang='lat' dir='ltr'><strong>quosdam</strong></span> <span class='ocrx_word' id='word_1_186' title='bbox 624 2262 795 2328; x_wconf 89' lang='lat' dir='ltr'><strong>perversos</strong></span> <span class='ocrx_word' id='word_1_187' title='bbox 831 2240 923 2307; x_wconf 92' lang='lat' dir='ltr'><strong>illum</strong></span> <span class='ocrx_word' id='word_1_188' title='bbox 945 2254 1145 2331; x_wconf 85' lang='lat' dir='ltr'><strong>exspectare,</strong></span> <span class='ocrx_word' id='word_1_189' title='bbox 1177 2243 1329 2312; x_wconf 85' lang='lat' dir='ltr'><strong>volentes</strong></span> <span class='ocrx_word' id='word_1_190' title='bbox 1363 2228 1473 2335; x_wconf 74' lang='lat' dir='ltr'><strong>illuml</strong></span> 
     </span>
     <span class='ocr_line' id='line_1_21' title="bbox 157 2335 1473 2444; baseline 0.001 -30"><span class='ocrx_word' id='word_1_191' title='bbox 157 2346 262 2433; x_wconf 85' lang='lat' dir='ltr'><strong>bonis,</strong></span> <span class='ocrx_word' id='word_1_192' title='bbox 287 2348 434 2429; x_wconf 87' lang='lat' dir='ltr'><strong>sanitate,</strong></span> <span class='ocrx_word' id='word_1_193' title='bbox 457 2348 522 2411; x_wconf 93' lang='lat' dir='ltr'><strong>imo</strong></span> <span class='ocrx_word' id='word_1_194' title='bbox 543 2346 612 2411; x_wconf 88' lang='lat' dir='ltr'><strong>vita</strong></span> <span class='ocrx_word' id='word_1_195' title='bbox 633 2346 773 2433; x_wconf 88' lang='lat' dir='ltr'><strong>privare,</strong></span> <span class='ocrx_word' id='word_1_196' title='bbox 797 2345 907 2410; x_wconf 88' lang='lat' dir='ltr'><strong>nescio</strong></span> <span class='ocrx_word' id='word_1_197' title='bbox 930 2368 973 2413; x_wconf 90' lang='lat' dir='ltr'><strong>an</strong></span> <span class='ocrx_word' id='word_1_198' title='bbox 997 2349 1070 2436; x_wconf 88' lang='lat' dir='ltr'><strong>quis</strong></span> <span class='ocrx_word' id='word_1_199' title='bbox 1092 2347 1235 2436; x_wconf 85' lang='lat' dir='ltr'><strong>prudens</strong></span> <span class='ocrx_word' id='word_1_200' title='bbox 1258 2348 1437 2417; x_wconf 79' lang='lat' dir='ltr'><strong>boclanda·</strong></span> <span class='ocrx_word' id='word_1_201' title='bbox 1459 2335 1473 2444; x_wconf 68' lang='grc' dir='ltr'>ᾖ</span> 
     </span>
     <span class='ocr_line' id='line_1_22' title="bbox 156 2450 1473 2576; baseline -0.001 -58"><span class='ocrx_word' id='word_1_202' title='bbox 156 2462 215 2536; x_wconf 91' lang='lat' dir='ltr'><strong>ret,</strong></span> <span class='ocrx_word' id='word_1_203' title='bbox 253 2454 281 2517; x_wconf 91' lang='lat' dir='ltr'><strong>si</strong></span> <span class='ocrx_word' id='word_1_204' title='bbox 303 2452 358 2518; x_wconf 91' lang='lat' dir='ltr'><strong>ille</strong></span> <span class='ocrx_word' id='word_1_205' title='bbox 392 2474 426 2518; x_wconf 90' lang='lat' dir='ltr'><strong>se</strong></span> <span class='ocrx_word' id='word_1_206' title='bbox 448 2451 602 2516; x_wconf 89' lang='lat' dir='ltr'><strong>audacter</strong></span> <span class='ocrx_word' id='word_1_207' title='bbox 624 2452 658 2516; x_wconf 93' lang='lat' dir='ltr'><strong>in</strong></span> <span class='ocrx_word' id='word_1_208' title='bbox 681 2450 746 2516; x_wconf 83' lang='lat' dir='ltr'><strong>tale</strong></span> <span class='ocrx_word' id='word_1_209' title='bbox 782 2450 963 2538; x_wconf 88' lang='lat' dir='ltr'><strong>periculum</strong></span> <span class='ocrx_word' id='word_1_210' title='bbox 986 2451 1176 2520; x_wconf 88' lang='lat' dir='ltr'><strong>immitteret</strong></span> <span class='ocrx_word' id='word_1_211' title='bbox 1205 2463 1238 2521; x_wconf 88' lang='lat' dir='ltr'><strong>et</strong></span> <span class='ocrx_word' id='word_1_212' title='bbox 1273 2454 1339 2520; x_wconf 84' lang='lat' dir='ltr'><strong>alia</strong></span> <span class='ocrx_word' id='word_1_213' title='bbox 1358 2452 1473 2576; x_wconf 71' lang='lat' dir='ltr'><strong>deviap</strong></span> 
     </span>
     <span class='ocr_line' id='line_1_23' title="bbox 159 2555 1473 2649; baseline -0.001 -25"><span class='ocrx_word' id='word_1_214' title='bbox 159 2582 225 2624; x_wconf 91' lang='lat' dir='ltr'><strong>non</strong></span> <span class='ocrx_word' id='word_1_215' title='bbox 258 2565 427 2647; x_wconf 85' lang='lat' dir='ltr'><strong>quaereret</strong></span> <span class='ocrx_word' id='word_1_216' title='bbox 464 2557 526 2622; x_wconf 90' lang='lat' dir='ltr'><strong>hac</strong></span> <span class='ocrx_word' id='word_1_217' title='bbox 560 2555 664 2621; x_wconf 86' lang='lat' dir='ltr'><strong>solum</strong></span> <span class='ocrx_word' id='word_1_218' title='bbox 702 2577 745 2621; x_wconf 85' lang='lat' dir='ltr'><strong>ex</strong></span> <span class='ocrx_word' id='word_1_219' title='bbox 767 2577 876 2639; x_wconf 88' lang='lat' dir='ltr'><strong>causa,</strong></span> <span class='ocrx_word' id='word_1_220' title='bbox 901 2556 977 2644; x_wconf 86' lang='lat' dir='ltr'><strong>quia</strong></span> <span class='ocrx_word' id='word_1_221' title='bbox 998 2578 1059 2622; x_wconf 88' lang='lat' dir='ltr'><strong>nec</strong></span> <span class='ocrx_word' id='word_1_222' title='bbox 1081 2557 1210 2625; x_wconf 87' lang='lat' dir='ltr'><strong>debitor</strong></span> <span class='ocrx_word' id='word_1_223' title='bbox 1230 2557 1362 2639; x_wconf 84' lang='lat' dir='ltr'><strong>illorum</strong></span> <span class='ocrx_word' id='word_1_224' title='bbox 1382 2556 1473 2649; x_wconf 68' lang='lat' dir='ltr'><strong>exi-1</strong></span> 
     </span>
     <span class='ocr_line' id='line_1_24' title="bbox 157 2648 1473 2754; baseline 0 -25"><span class='ocrx_word' id='word_1_225' title='bbox 157 2672 266 2743; x_wconf 83' lang='lat' dir='ltr'><strong>steret,</strong></span> <span class='ocrx_word' id='word_1_226' title='bbox 289 2684 395 2750; x_wconf 89' lang='lat' dir='ltr'><strong>neque</strong></span> <span class='ocrx_word' id='word_1_227' title='bbox 417 2661 555 2749; x_wconf 87' lang='lat' dir='ltr'><strong>alicujus</strong></span> <span class='ocrx_word' id='word_1_228' title='bbox 578 2659 694 2749; x_wconf 91' lang='lat' dir='ltr'><strong>culpae</strong></span> <span class='ocrx_word' id='word_1_229' title='bbox 716 2682 751 2726; x_wconf 89' lang='lat' dir='ltr'><strong>se</strong></span> <span class='ocrx_word' id='word_1_230' title='bbox 772 2683 864 2726; x_wconf 91' lang='lat' dir='ltr'><strong>reum</strong></span> <span class='ocrx_word' id='word_1_231' title='bbox 885 2671 1089 2748; x_wconf 87' lang='lat' dir='ltr'><strong>agnosceret,</strong></span> <span class='ocrx_word' id='word_1_232' title='bbox 1125 2664 1194 2747; x_wconf 37' lang='lat' dir='ltr'><strong>imo,</strong></span> <span class='ocrx_word' id='word_1_233' title='bbox 1214 2664 1324 2751; x_wconf 83' lang='lat' dir='ltr'><strong>potius</strong></span> <span class='ocrx_word' id='word_1_234' title='bbox 1346 2661 1430 2729; x_wconf 77' lang='lat' dir='ltr'><strong>auda</strong></span> <span class='ocrx_word' id='word_1_235' title='bbox 1456 2648 1473 2754; x_wconf 67' lang='grc' dir='ltr'>ᾖ</span> 
     </span>
     <span class='ocr_line' id='line_1_25' title="bbox 158 2764 1473 2860; baseline 0 -27"><span class='ocrx_word' id='word_1_236' title='bbox 158 2770 243 2834; x_wconf 88' lang='lat' dir='ltr'><strong>ciam</strong></span> <span class='ocrx_word' id='word_1_237' title='bbox 279 2767 367 2832; x_wconf 93' lang='lat' dir='ltr'><strong>domi</strong></span> <span class='ocrx_word' id='word_1_238' title='bbox 400 2765 608 2853; x_wconf 91' lang='lat' dir='ltr'><strong>relinqueret,</strong></span> <span class='ocrx_word' id='word_1_239' title='bbox 631 2773 664 2831; x_wconf 91' lang='lat' dir='ltr'><strong>et</strong></span> <span class='ocrx_word' id='word_1_240' title='bbox 696 2787 760 2853; x_wconf 92' lang='lat' dir='ltr'><strong>quo</strong></span> <span class='ocrx_word' id='word_1_241' title='bbox 782 2764 897 2832; x_wconf 87' lang='lat' dir='ltr'><strong>melius</strong></span> <span class='ocrx_word' id='word_1_242' title='bbox 929 2767 1036 2850; x_wconf 87' lang='lat' dir='ltr'><strong>sciret,</strong></span> <span class='ocrx_word' id='word_1_243' title='bbox 1065 2766 1248 2856; x_wconf 88' lang='lat' dir='ltr'><strong>periculum</strong></span> <span class='ocrx_word' id='word_1_244' title='bbox 1283 2768 1430 2855; x_wconf 78' lang='lat' dir='ltr'><strong>effugeret</strong></span> <span class='ocrx_word' id='word_1_245' title='bbox 1456 2788 1473 2860; x_wconf 79' lang='grc' dir='ltr'>Ι</span> 
     </span>
     <span class='ocr_line' id='line_1_26' title="bbox 155 2860 1473 2992; baseline 0.002 -55"><span class='ocrx_word' id='word_1_246' title='bbox 155 2872 233 2938; x_wconf 89' lang='lat' dir='ltr'><strong>inde</strong></span> <span class='ocrx_word' id='word_1_247' title='bbox 256 2873 352 2937; x_wconf 70' lang='lat' dir='ltr'><strong>enam</strong></span> <span class='ocrx_word' id='word_1_248' title='bbox 388 2869 543 2935; x_wconf 89' lang='lat' dir='ltr'><strong>honorem</strong></span> <span class='ocrx_word' id='word_1_249' title='bbox 575 2892 668 2936; x_wconf 86' lang='lat' dir='ltr'><strong>suum</strong></span> <span class='ocrx_word' id='word_1_250' title='bbox 689 2892 755 2934; x_wconf 91' lang='lat' dir='ltr'><strong>non</strong></span> <span class='ocrx_word' id='word_1_251' title='bbox 777 2867 939 2957; x_wconf 86' lang='lat' dir='ltr'><strong>perderet.</strong></span> <span class='ocrx_word' id='word_1_252' title='bbox 974 2869 1113 2958; x_wconf 82' lang='lat' dir='ltr'><strong>Saepius</strong></span> <span class='ocrx_word' id='word_1_253' title='bbox 1135 2873 1222 2937; x_wconf 88' lang='lat' dir='ltr'><strong>euim</strong></span> <span class='ocrx_word' id='word_1_254' title='bbox 1257 2874 1356 2939; x_wconf 87' lang='lat' dir='ltr'><strong>etiam</strong></span> <span class='ocrx_word' id='word_1_255' title='bbox 1375 2860 1473 2992; x_wconf 48' lang='lat' dir='ltr'><strong>confi</strong></span> 
     </span>
     <span class='ocr_line' id='line_1_27' title="bbox 158 2974 1473 3067; baseline 0.002 -26"><span class='ocrx_word' id='word_1_256' title='bbox 158 2977 265 3063; x_wconf 86' lang='lat' dir='ltr'><strong>tingit,</strong></span> <span class='ocrx_word' id='word_1_257' title='bbox 300 2974 386 3065; x_wconf 90' lang='lat' dir='ltr'><strong>quod</strong></span> <span class='ocrx_word' id='word_1_258' title='bbox 421 2975 589 3056; x_wconf 86' lang='lat' dir='ltr'><strong>innocens,</strong></span> <span class='ocrx_word' id='word_1_259' title='bbox 611 2975 851 3040; x_wconf 83' lang='lat' dir='ltr'><strong>accusationem</strong></span> <span class='ocrx_word' id='word_1_260' title='bbox 873 2984 982 3041; x_wconf 88' lang='lat' dir='ltr'><strong>tamen</strong></span> <span class='ocrx_word' id='word_1_261' title='bbox 1002 2975 1118 3041; x_wconf 87' lang='lat' dir='ltr'><strong>falsam</strong></span> <span class='ocrx_word' id='word_1_262' title='bbox 1151 2986 1185 3043; x_wconf 89' lang='lat' dir='ltr'><strong>et</strong></span> <span class='ocrx_word' id='word_1_263' title='bbox 1204 2979 1349 3065; x_wconf 85' lang='lat' dir='ltr'><strong>rigorem</strong></span> <span class='ocrx_word' id='word_1_264' title='bbox 1364 2975 1473 3067; x_wconf 63' lang='lat' dir='ltr'><strong>jmitp</strong></span> 
     </span>
     <span class='ocr_line' id='line_1_28' title="bbox 160 3076 1473 3175; baseline 0.003 -30"><span class='ocrx_word' id='word_1_265' title='bbox 160 3082 287 3163; x_wconf 85' lang='lat' dir='ltr'><strong>timens,</strong></span> <span class='ocrx_word' id='word_1_266' title='bbox 324 3080 380 3168; x_wconf 93' lang='lat' dir='ltr'><strong>qui</strong></span> <span class='ocrx_word' id='word_1_267' title='bbox 401 3087 536 3144; x_wconf 88' lang='lat' dir='ltr'><strong>naturae</strong></span> <span class='ocrx_word' id='word_1_268' title='bbox 558 3076 655 3166; x_wconf 90' lang='lat' dir='ltr'><strong>plane</strong></span> <span class='ocrx_word' id='word_1_269' title='bbox 677 3078 848 3175; x_wconf 87' lang='lat' dir='ltr'><strong>timidioris</strong></span> <span class='ocrx_word' id='word_1_270' title='bbox 871 3088 930 3163; x_wconf 88' lang='lat' dir='ltr'><strong>est,</strong></span> <span class='ocrx_word' id='word_1_271' title='bbox 968 3088 1142 3168; x_wconf 87' lang='lat' dir='ltr'><strong>antequam</strong></span> <span class='ocrx_word' id='word_1_272' title='bbox 1157 3081 1235 3169; x_wconf 88' lang='lat' dir='ltr'><strong>jure</strong></span> <span class='ocrx_word' id='word_1_273' title='bbox 1270 3105 1328 3151; x_wconf 91' lang='lat' dir='ltr'><strong>suo</strong></span> <span class='ocrx_word' id='word_1_274' title='bbox 1349 3091 1473 3174; x_wconf 65' lang='lat' dir='ltr'><strong>utere.</strong></span> 
     </span>
     <span class='ocr_line' id='line_1_29' title="bbox 161 3183 1473 3282; baseline 0 -31"><span class='ocrx_word' id='word_1_275' title='bbox 161 3186 353 3273; x_wconf 87' lang='lat' dir='ltr'><strong>tur,potius</strong></span> <span class='ocrx_word' id='word_1_276' title='bbox 377 3186 468 3250; x_wconf 88' lang='lat' dir='ltr'><strong>sein</strong></span> <span class='ocrx_word' id='word_1_277' title='bbox 491 3183 602 3270; x_wconf 88' lang='lat' dir='ltr'><strong>fugam</strong></span> <span class='ocrx_word' id='word_1_278' title='bbox 623 3184 747 3273; x_wconf 82' lang='lat' dir='ltr'><strong>recipit</strong></span> <span class='ocrx_word' id='word_1_279' title='bbox 793 3184 887 3252; x_wconf 85' lang='lat' dir='ltr'><strong>Sicut</strong></span> <span class='ocrx_word' id='word_1_280' title='bbox 910 3184 1075 3251; x_wconf 87' lang='lat' dir='ltr'><strong>multoties</strong></span> <span class='ocrx_word' id='word_1_281' title='bbox 1098 3185 1134 3251; x_wconf 91' lang='lat' dir='ltr'><strong>in</strong></span> <span class='ocrx_word' id='word_1_282' title='bbox 1155 3185 1293 3253; x_wconf 88' lang='lat' dir='ltr'><strong>urbibus</strong></span> <span class='ocrx_word' id='word_1_283' title='bbox 1329 3179 1473 3282; x_wconf 67' lang='lat' dir='ltr'><strong>contin-i</strong></span> 
     </span>
     <span class='ocr_line' id='line_1_30' title="bbox 160 3281 1473 3382; baseline 0.001 -26"><span class='ocrx_word' id='word_1_284' title='bbox 160 3292 218 3378; x_wconf 83' lang='lat' dir='ltr'><strong>git,</strong></span> <span class='ocrx_word' id='word_1_285' title='bbox 243 3290 329 3379; x_wconf 86' lang='lat' dir='ltr'><strong>quod</strong></span> <span class='ocrx_word' id='word_1_286' title='bbox 350 3291 555 3356; x_wconf 89' lang='lat' dir='ltr'><strong>innocentem</strong></span> <span class='ocrx_word' id='word_1_287' title='bbox 577 3297 756 3376; x_wconf 86' lang='lat' dir='ltr'><strong>torqueant,</strong></span> <span class='ocrx_word' id='word_1_288' title='bbox 781 3298 813 3356; x_wconf 91' lang='lat' dir='ltr'><strong>et</strong></span> <span class='ocrx_word' id='word_1_289' title='bbox 833 3289 910 3356; x_wconf 93' lang='lat' dir='ltr'><strong>dum</strong></span> <span class='ocrx_word' id='word_1_290' title='bbox 931 3289 1068 3378; x_wconf 90' lang='lat' dir='ltr'><strong>perinde</strong></span> <span class='ocrx_word' id='word_1_291' title='bbox 1091 3297 1287 3378; x_wconf 81' lang='lat' dir='ltr'><strong>extorquere</strong></span> <span class='ocrx_word' id='word_1_292' title='bbox 1317 3290 1360 3359; x_wconf 88' lang='lat' dir='ltr'><strong>ab</strong></span> <span class='ocrx_word' id='word_1_293' title='bbox 1391 3287 1434 3357; x_wconf 82' lang='lat' dir='ltr'><strong>ilo</strong></span> <span class='ocrx_word' id='word_1_294' title='bbox 1458 3281 1473 3382; x_wconf 63' lang='grc' dir='ltr'>ᾖ</span> 
     </span>
     <span class='ocr_line' id='line_1_31' title="bbox 158 3389 1473 3514; baseline 0.002 -56"><span class='ocrx_word' id='word_1_295' title='bbox 158 3394 241 3460; x_wconf 93' lang='lat' dir='ltr'><strong>nihil</strong></span> <span class='ocrx_word' id='word_1_296' title='bbox 263 3404 408 3484; x_wconf 88' lang='lat' dir='ltr'><strong>possunt,</strong></span> <span class='ocrx_word' id='word_1_297' title='bbox 446 3416 520 3459; x_wconf 90' lang='lat' dir='ltr'><strong>eum</strong></span> <span class='ocrx_word' id='word_1_298' title='bbox 556 3392 688 3459; x_wconf 88' lang='lat' dir='ltr'><strong>tandem</strong></span> <span class='ocrx_word' id='word_1_299' title='bbox 725 3395 830 3480; x_wconf 91' lang='lat' dir='ltr'><strong>primo</strong></span> <span class='ocrx_word' id='word_1_300' title='bbox 852 3417 912 3482; x_wconf 91' lang='lat' dir='ltr'><strong>pro</strong></span> <span class='ocrx_word' id='word_1_301' title='bbox 949 3396 1123 3462; x_wconf 89' lang='lat' dir='ltr'><strong>innocente</strong></span> <span class='ocrx_word' id='word_1_302' title='bbox 1143 3393 1323 3481; x_wconf 86' lang='lat' dir='ltr'><strong>declarent,</strong></span> <span class='ocrx_word' id='word_1_303' title='bbox 1345 3404 1376 3462; x_wconf 90' lang='lat' dir='ltr'><strong>et</strong></span> <span class='ocrx_word' id='word_1_304' title='bbox 1392 3389 1473 3514; x_wconf 68' lang='lat' dir='ltr'><strong>ille!</strong></span> 
     </span>
     <span class='ocr_line' id='line_1_32' title="bbox 157 3496 1473 3593; baseline 0.002 -29"><span class='ocrx_word' id='word_1_305' title='bbox 157 3497 240 3565; x_wconf 88' lang='lat' dir='ltr'><strong>haec</strong></span> <span class='ocrx_word' id='word_1_306' title='bbox 263 3501 334 3568; x_wconf 86' lang='lat' dir='ltr'><strong>sine</strong></span> <span class='ocrx_word' id='word_1_307' title='bbox 356 3501 443 3564; x_wconf 90' lang='lat' dir='ltr'><strong>omni</strong></span> <span class='ocrx_word' id='word_1_308' title='bbox 466 3496 687 3564; x_wconf 87' lang='lat' dir='ltr'><strong>satisfactione</strong></span> <span class='ocrx_word' id='word_1_309' title='bbox 711 3500 870 3564; x_wconf 88' lang='lat' dir='ltr'><strong>sustinere</strong></span> <span class='ocrx_word' id='word_1_310' title='bbox 883 3497 1010 3584; x_wconf 80' lang='lat' dir='ltr'><strong>¹debet3</strong></span> <span class='ocrx_word' id='word_1_311' title='bbox 1042 3498 1116 3593; x_wconf 75' lang='lat' dir='ltr'><strong>talis</strong></span> <span class='ocrx_word' id='word_1_312' title='bbox 1150 3500 1249 3567; x_wconf 87' lang='lat' dir='ltr'><strong>etiam</strong></span> <span class='ocrx_word' id='word_1_313' title='bbox 1286 3498 1473 3587; x_wconf 64' lang='lat' dir='ltr'><strong>confidem!</strong></span> 
     </span>
     <span class='ocr_line' id='line_1_33' title="bbox 159 3588 1473 3696; baseline -0.001 -26"><span class='ocrx_word' id='word_1_314' title='bbox 159 3604 369 3692; x_wconf 86' lang='lat' dir='ltr'><strong>generositati</strong></span> <span class='ocrx_word' id='word_1_315' title='bbox 402 3612 435 3668; x_wconf 91' lang='lat' dir='ltr'><strong>et</strong></span> <span class='ocrx_word' id='word_1_316' title='bbox 466 3602 622 3669; x_wconf 87' lang='lat' dir='ltr'><strong>audaciae</strong></span> <span class='ocrx_word' id='word_1_317' title='bbox 655 3625 743 3688; x_wconf 89' lang='lat' dir='ltr'><strong>suae,</strong></span> <span class='ocrx_word' id='word_1_318' title='bbox 781 3604 940 3691; x_wconf 84' lang='lat' dir='ltr'><strong>contingit</strong></span> <span class='ocrx_word' id='word_1_319' title='bbox 971 3605 1001 3670; x_wconf 95' lang='lat' dir='ltr'><strong>ei</strong></span> <span class='ocrx_word' id='word_1_320' title='bbox 1024 3588 1233 3693; x_wconf 85' lang='lat' dir='ltr'><strong>(simpliciter¹</strong></span> <span class='ocrx_word' id='word_1_321' title='bbox 1251 3614 1284 3673; x_wconf 88' lang='lat' dir='ltr'><strong>et</strong></span> <span class='ocrx_word' id='word_1_322' title='bbox 1317 3593 1473 3696; x_wconf 65' lang='lat' dir='ltr'><strong>pbyeicct</strong></span> 
     </span>
     <span class='ocr_line' id='line_1_34' title="bbox 159 3705 1435 3800; baseline 0 -25"><span class='ocrx_word' id='word_1_323' title='bbox 159 3709 213 3775; x_wconf 92' lang='lat' dir='ltr'><strong>hic</strong></span> <span class='ocrx_word' id='word_1_324' title='bbox 235 3706 364 3796; x_wconf 90' lang='lat' dir='ltr'><strong>loquor)</strong></span> <span class='ocrx_word' id='word_1_325' title='bbox 389 3706 476 3795; x_wconf 89' lang='lat' dir='ltr'><strong>quod</strong></span> <span class='ocrx_word' id='word_1_326' title='bbox 498 3709 627 3795; x_wconf 88' lang='lat' dir='ltr'><strong>saepius</strong></span> <span class='ocrx_word' id='word_1_327' title='bbox 649 3705 786 3772; x_wconf 89' lang='lat' dir='ltr'><strong>multum</strong></span> <span class='ocrx_word' id='word_1_328' title='bbox 806 3706 1002 3792; x_wconf 80' lang='lat' dir='ltr'><strong>vulneretur,</strong></span> <span class='ocrx_word' id='word_1_329' title='bbox 1038 3729 1077 3773; x_wconf 89' lang='lat' dir='ltr'><strong>ac</strong></span> <span class='ocrx_word' id='word_1_330' title='bbox 1113 3708 1212 3775; x_wconf 88' lang='lat' dir='ltr'><strong>etiam</strong></span> <span class='ocrx_word' id='word_1_331' title='bbox 1249 3711 1319 3778; x_wconf 84' lang='lat' dir='ltr'><strong>vita</strong></span> <span class='ocrx_word' id='word_1_332' title='bbox 1348 3710 1435 3800; x_wconf 79' lang='lat' dir='ltr'><strong>prim</strong></span> 
     </span>
     <span class='ocr_line' id='line_1_35' title="bbox 158 3811 1473 3903; baseline 0.003 -25"><span class='ocrx_word' id='word_1_333' title='bbox 158 3824 220 3880; x_wconf 86' lang='lat' dir='ltr'><strong>tur.</strong></span> <span class='ocrx_word' id='word_1_334' title='bbox 276 3813 350 3879; x_wconf 91' lang='lat' dir='ltr'><strong>Hoc</strong></span> <span class='ocrx_word' id='word_1_335' title='bbox 373 3813 470 3878; x_wconf 89' lang='lat' dir='ltr'><strong>etiam</strong></span> <span class='ocrx_word' id='word_1_336' title='bbox 503 3813 628 3897; x_wconf 82' lang='lat' dir='ltr'><strong>Pragae</strong></span> <span class='ocrx_word' id='word_1_337' title='bbox 661 3811 783 3878; x_wconf 89' lang='lat' dir='ltr'><strong>factum</strong></span> <span class='ocrx_word' id='word_1_338' title='bbox 804 3811 874 3895; x_wconf 81' lang='lat' dir='ltr'><strong>fuit,</strong></span> <span class='ocrx_word' id='word_1_339' title='bbox 897 3811 982 3900; x_wconf 92' lang='lat' dir='ltr'><strong>quod</strong></span> <span class='ocrx_word' id='word_1_340' title='bbox 1018 3811 1112 3900; x_wconf 87' lang='lat' dir='ltr'><strong>plebs</strong></span> <span class='ocrx_word' id='word_1_341' title='bbox 1142 3813 1325 3903; x_wconf 84' lang='lat' dir='ltr'><strong>Prageneis</strong></span> <span class='ocrx_word' id='word_1_342' title='bbox 1360 3834 1437 3903; x_wconf 80' lang='lat' dir='ltr'><strong>sepo·</strong></span> <span class='ocrx_word' id='word_1_343' title='bbox 1471 3829 1473 3842; x_wconf 67' lang='lat'><strong>¹</strong></span> 
     </span>
     <span class='ocr_line' id='line_1_36' title="bbox 158 3915 1438 4005; baseline 0.002 -20"><span class='ocrx_word' id='word_1_344' title='bbox 158 3941 240 3985; x_wconf 87' lang='lat' dir='ltr'><strong>nens</strong></span> <span class='ocrx_word' id='word_1_345' title='bbox 273 3940 368 3983; x_wconf 92' lang='lat' dir='ltr'><strong>omne</strong></span> <span class='ocrx_word' id='word_1_346' title='bbox 396 3919 463 4005; x_wconf 87' lang='lat' dir='ltr'><strong>jus,</strong></span> <span class='ocrx_word' id='word_1_347' title='bbox 498 3915 642 3983; x_wconf 87' lang='lat' dir='ltr'><strong>debitum</strong></span> <span class='ocrx_word' id='word_1_348' title='bbox 676 3917 823 3983; x_wconf 90' lang='lat' dir='ltr'><strong>ordinem</strong></span> <span class='ocrx_word' id='word_1_349' title='bbox 862 3925 895 3982; x_wconf 89' lang='lat' dir='ltr'><strong>et</strong></span> <span class='ocrx_word' id='word_1_350' title='bbox 926 3916 992 3982; x_wconf 91' lang='lat' dir='ltr'><strong>Dei</strong></span> <span class='ocrx_word' id='word_1_351' title='bbox 1028 3919 1188 4003; x_wconf 90' lang='lat' dir='ltr'><strong>timorem,</strong></span> <span class='ocrx_word' id='word_1_352' title='bbox 1211 3922 1338 3989; x_wconf 88' lang='lat' dir='ltr'><strong>minata</strong></span> <span class='ocrx_word' id='word_1_353' title='bbox 1356 3918 1438 3987; x_wconf 80' lang='lat' dir='ltr'><strong>fuat</strong></span> 
     </span>
     <span class='ocr_line' id='line_1_37' title="bbox 159 4021 1439 4114; baseline -0.002 -22"><span class='ocrx_word' id='word_1_354' title='bbox 159 4025 308 4114; x_wconf 83' lang='lat' dir='ltr'><strong>personis</strong></span> <span class='ocrx_word' id='word_1_355' title='bbox 340 4023 449 4109; x_wconf 87' lang='lat' dir='ltr'><strong>Praga</strong></span> <span class='ocrx_word' id='word_1_356' title='bbox 482 4024 634 4089; x_wconf 87' lang='lat' dir='ltr'><strong>excessis.</strong></span> <span class='ocrx_word' id='word_1_357' title='bbox 679 4021 761 4103; x_wconf 78' lang='lat' dir='ltr'><strong>Quis</strong></span> <span class='ocrx_word' id='word_1_358' title='bbox 782 4023 882 4109; x_wconf 88' lang='lat' dir='ltr'><strong>igitur</strong></span> <span class='ocrx_word' id='word_1_359' title='bbox 903 4030 970 4087; x_wconf 85' lang='lat' dir='ltr'><strong>tam</strong></span> <span class='ocrx_word' id='word_1_360' title='bbox 1000 4024 1134 4089; x_wconf 89' lang='lat' dir='ltr'><strong>insanae</strong></span> <span class='ocrx_word' id='word_1_361' title='bbox 1156 4026 1279 4091; x_wconf 87' lang='lat' dir='ltr'><strong>mentis</strong></span> <span class='ocrx_word' id='word_1_362' title='bbox 1303 4034 1393 4111; x_wconf 78' lang='lat' dir='ltr'><strong>esset,</strong></span> <span class='ocrx_word' id='word_1_363' title='bbox 1409 4029 1439 4089; x_wconf 87' lang='lat' dir='ltr'><strong>ut</strong></span> 
     </span>
     <span class='ocr_line' id='line_1_38' title="bbox 99 4126 1437 4219; baseline -0.001 -21"><span class='ocrx_word' id='word_1_364' title='bbox 99 4150 106 4157; x_wconf 85' lang='grc'><em>·</em></span> <span class='ocrx_word' id='word_1_365' title='bbox 159 4129 339 4218; x_wconf 87' lang='lat' dir='ltr'><strong>perieulum</strong></span> <span class='ocrx_word' id='word_1_366' title='bbox 362 4151 453 4193; x_wconf 89' lang='lat' dir='ltr'><strong>suum</strong></span> <span class='ocrx_word' id='word_1_367' title='bbox 465 4137 579 4215; x_wconf 89' lang='lat' dir='ltr'><strong>patene</strong></span> <span class='ocrx_word' id='word_1_368' title='bbox 604 4136 810 4215; x_wconf 84' lang='lat' dir='ltr'><strong>exspectaret</strong></span> <span class='ocrx_word' id='word_1_369' title='bbox 832 4126 1037 4216; x_wconf 88' lang='lat' dir='ltr'><strong>(praesertim</strong></span> <span class='ocrx_word' id='word_1_370' title='bbox 1059 4151 1079 4193; x_wconf 91' lang='lat' dir='ltr'><strong>a</strong></span> <span class='ocrx_word' id='word_1_371' title='bbox 1099 4127 1196 4215; x_wconf 88' lang='lat' dir='ltr'><strong>plebe</strong></span> <span class='ocrx_word' id='word_1_372' title='bbox 1218 4130 1359 4219; x_wconf 81' lang='lat' dir='ltr'><strong>vulgari,</strong></span> <span class='ocrx_word' id='word_1_373' title='bbox 1369 4148 1437 4219; x_wconf 77' lang='lat' dir='ltr'><strong>quac</strong></span> 
     </span>
     <span class='ocr_line' id='line_1_39' title="bbox 161 4231 1436 4322; baseline -0.001 -24"><span class='ocrx_word' id='word_1_374' title='bbox 161 4257 239 4303; x_wconf 85' lang='lat' dir='ltr'><strong>sana</strong></span> <span class='ocrx_word' id='word_1_375' title='bbox 260 4242 370 4302; x_wconf 90' lang='lat' dir='ltr'><strong>mente</strong></span> <span class='ocrx_word' id='word_1_376' title='bbox 392 4233 473 4299; x_wconf 87' lang='lat' dir='ltr'><strong>nibil</strong></span> <span class='ocrx_word' id='word_1_377' title='bbox 496 4231 753 4321; x_wconf 85' lang='lat' dir='ltr'><strong>apprehendere,</strong></span> <span class='ocrx_word' id='word_1_378' title='bbox 793 4241 826 4298; x_wconf 94' lang='lat' dir='ltr'><strong>et</strong></span> <span class='ocrx_word' id='word_1_379' title='bbox 858 4255 941 4320; x_wconf 88' lang='lat' dir='ltr'><strong>quae</strong></span> <span class='ocrx_word' id='word_1_380' title='bbox 968 4231 1054 4299; x_wconf 84' lang='lat' dir='ltr'><strong>mala</strong></span> <span class='ocrx_word' id='word_1_381' title='bbox 1076 4241 1132 4299; x_wconf 89' lang='lat' dir='ltr'><strong>aut</strong></span> <span class='ocrx_word' id='word_1_382' title='bbox 1152 4232 1242 4301; x_wconf 88' lang='lat' dir='ltr'><strong>bona</strong></span> <span class='ocrx_word' id='word_1_383' title='bbox 1263 4237 1337 4321; x_wconf 87' lang='lat' dir='ltr'><strong>sint,</strong></span> <span class='ocrx_word' id='word_1_384' title='bbox 1370 4234 1436 4322; x_wconf 88' lang='lat' dir='ltr'><strong>diju-</strong></span> 
     </span>
     <span class='ocr_line' id='line_1_40' title="bbox 160 4334 1437 4429; baseline 0.002 -27"><span class='ocrx_word' id='word_1_385' title='bbox 160 4336 269 4406; x_wconf 88' lang='lat' dir='ltr'><strong>dicare</strong></span> <span class='ocrx_word' id='word_1_386' title='bbox 302 4347 424 4429; x_wconf 91' lang='lat' dir='ltr'><strong>potest)</strong></span> <span class='ocrx_word' id='word_1_387' title='bbox 447 4336 500 4405; x_wconf 84' lang='lat' dir='ltr'><strong>vel</strong></span> <span class='ocrx_word' id='word_1_388' title='bbox 536 4335 619 4402; x_wconf 92' lang='lat' dir='ltr'><strong>illud</strong></span> <span class='ocrx_word' id='word_1_389' title='bbox 639 4338 747 4424; x_wconf 87' lang='lat' dir='ltr'><strong>ipsum</strong></span> <span class='ocrx_word' id='word_1_390' title='bbox 785 4346 899 4426; x_wconf 85' lang='lat' dir='ltr'><strong>sponte</strong></span> <span class='ocrx_word' id='word_1_391' title='bbox 921 4336 1035 4402; x_wconf 88' lang='lat' dir='ltr'><strong>adiret.</strong></span> <span class='ocrx_word' id='word_1_392' title='bbox 1077 4336 1172 4403; x_wconf 88' lang='lat' dir='ltr'><strong>Haec</strong></span> <span class='ocrx_word' id='word_1_393' title='bbox 1205 4352 1360 4429; x_wconf 80' lang='lat' dir='ltr'><strong>expertus</strong></span> <span class='ocrx_word' id='word_1_394' title='bbox 1389 4334 1437 4404; x_wconf 82' lang='lat' dir='ltr'><strong>trit</strong></span> 
     </span>
     <span class='ocr_line' id='line_1_41' title="bbox 162 4441 1473 4533; baseline 0.004 -27"><span class='ocrx_word' id='word_1_395' title='bbox 162 4441 291 4529; x_wconf 90' lang='lat' dir='ltr'><strong>quidam</strong></span> <span class='ocrx_word' id='word_1_396' title='bbox 313 4443 469 4521; x_wconf 75' lang='lat' dir='ltr'><strong>Peterka,</strong></span> <span class='ocrx_word' id='word_1_397' title='bbox 484 4442 600 4521; x_wconf 89' lang='lat' dir='ltr'><strong>dictus,</strong></span> <span class='ocrx_word' id='word_1_398' title='bbox 635 4443 717 4508; x_wconf 84' lang='lat' dir='ltr'><strong>civis</strong></span> <span class='ocrx_word' id='word_1_399' title='bbox 738 4441 1108 4530; x_wconf 85' lang='lat' dir='ltr'><strong>Regino-Hradecensis,</strong></span> <span class='ocrx_word' id='word_1_400' title='bbox 1133 4450 1210 4509; x_wconf 90' lang='lat' dir='ltr'><strong>ante</strong></span> <span class='ocrx_word' id='word_1_401' title='bbox 1238 4446 1371 4533; x_wconf 78' lang='lat' dir='ltr'><strong>triginta</strong></span> <span class='ocrx_word' id='word_1_402' title='bbox 1388 4443 1438 4511; x_wconf 84' lang='lat' dir='ltr'><strong>cir·</strong></span> <span class='ocrx_word' id='word_1_403' title='bbox 1470 4480 1473 4532; x_wconf 54' lang='lat'>2</span> 
     </span>
     <span class='ocr_line' id='line_1_42' title="bbox 162 4533 1471 4636; baseline 0 -23"><span class='ocrx_word' id='word_1_404' title='bbox 162 4547 243 4613; x_wconf 89' lang='lat' dir='ltr'><strong>citer</strong></span> <span class='ocrx_word' id='word_1_405' title='bbox 265 4569 376 4632; x_wconf 90' lang='lat' dir='ltr'><strong>annos,</strong></span> <span class='ocrx_word' id='word_1_406' title='bbox 406 4549 462 4636; x_wconf 90' lang='lat' dir='ltr'><strong>qui</strong></span> <span class='ocrx_word' id='word_1_407' title='bbox 484 4546 569 4617; x_wconf 90' lang='lat' dir='ltr'><strong>hanc</strong></span> <span class='ocrx_word' id='word_1_408' title='bbox 592 4547 758 4613; x_wconf 84' lang='lat' dir='ltr'><strong>civitatem</strong></span> <span class='ocrx_word' id='word_1_409' title='bbox 780 4549 958 4636; x_wconf 81' lang='lat' dir='ltr'><strong>ingressus,</strong></span> <span class='ocrx_word' id='word_1_410' title='bbox 994 4545 1159 4613; x_wconf 86' lang='lat' dir='ltr'><strong>confidens</strong></span> <span class='ocrx_word' id='word_1_411' title='bbox 1177 4549 1328 4636; x_wconf 82' lang='lat' dir='ltr'><strong>justitiae</strong></span> <span class='ocrx_word' id='word_1_412' title='bbox 1349 4558 1380 4617; x_wconf 91' lang='lat' dir='ltr'><strong>et</strong></span> <span class='ocrx_word' id='word_1_413' title='bbox 1394 4548 1437 4613; x_wconf 86' lang='lat' dir='ltr'><strong>iu·</strong></span> <span class='ocrx_word' id='word_1_414' title='bbox 1467 4533 1471 4556; x_wconf 72' lang='lat'>‘</span> 
     </span>
     <span class='ocr_line' id='line_1_43' title="bbox 163 4651 1441 4741; baseline 0 -22"><span class='ocrx_word' id='word_1_415' title='bbox 163 4651 334 4720; x_wconf 88' lang='lat' dir='ltr'><strong>nocentiae</strong></span> <span class='ocrx_word' id='word_1_416' title='bbox 356 4674 443 4735; x_wconf 87' lang='lat' dir='ltr'><strong>suae,</strong></span> <span class='ocrx_word' id='word_1_417' title='bbox 476 4654 532 4741; x_wconf 91' lang='lat' dir='ltr'><strong>qui</strong></span> <span class='ocrx_word' id='word_1_418' title='bbox 557 4661 666 4719; x_wconf 90' lang='lat' dir='ltr'><strong>tamen</strong></span> <span class='ocrx_word' id='word_1_419' title='bbox 689 4662 857 4741; x_wconf 85' lang='lat' dir='ltr'><strong>suspectus</strong></span> <span class='ocrx_word' id='word_1_420' title='bbox 889 4653 997 4719; x_wconf 81' lang='lat' dir='ltr'><strong>fuerat</strong></span> <span class='ocrx_word' id='word_1_421' title='bbox 1019 4651 1061 4719; x_wconf 94' lang='lat' dir='ltr'><strong>ob</strong></span> <span class='ocrx_word' id='word_1_422' title='bbox 1084 4652 1243 4741; x_wconf 87' lang='lat' dir='ltr'><strong>quosdam</strong></span> <span class='ocrx_word' id='word_1_423' title='bbox 1264 4678 1364 4727; x_wconf 74' lang='lat' dir='ltr'><strong>nanos</strong></span> <span class='ocrx_word' id='word_1_424' title='bbox 1383 4670 1441 4719; x_wconf 51' lang='lat' dir='ltr'><strong>eet-1</strong></span> 
     </span>
     <span class='ocr_line' id='line_1_44' title="bbox 153 4747 1471 4847; baseline 0.002 -23"><span class='ocrx_word' id='word_1_425' title='bbox 153 4775 272 4825; x_wconf 83' lang='lat' dir='ltr'><strong>mones</strong></span> <span class='ocrx_word' id='word_1_426' title='bbox 296 4754 338 4812; x_wconf 70' lang='lat' dir='ltr'><strong>de</strong></span> <span class='ocrx_word' id='word_1_427' title='bbox 362 4755 418 4804; x_wconf 66' lang='lat'><strong>³¹¹0</strong></span> <span class='ocrx_word' id='word_1_428' title='bbox 440 4755 581 4847; x_wconf 80' lang='lat' dir='ltr'><strong>habitos,</strong></span> <span class='ocrx_word' id='word_1_429' title='bbox 602 4759 728 4827; x_wconf 84' lang='lat' dir='ltr'><strong>ratione</strong></span> <span class='ocrx_word' id='word_1_430' title='bbox 751 4757 920 4845; x_wconf 76' lang='lat' dir='ltr'><strong>cujusdam</strong></span> <span class='ocrx_word' id='word_1_431' title='bbox 940 4758 1100 4847; x_wconf 80' lang='lat' dir='ltr'><strong>poemiae</strong></span> <span class='ocrx_word' id='word_1_432' title='bbox 1122 4762 1346 4833; x_wconf 81' lang='lat' dir='ltr'><strong>communitati</strong></span> <span class='ocrx_word' id='word_1_433' title='bbox 1355 4757 1435 4847; x_wconf 64' lang='lat' dir='ltr'><strong>burim</strong></span> <span class='ocrx_word' id='word_1_434' title='bbox 1451 4747 1471 4776; x_wconf 75' lang='grc'><strong>““</strong></span> 
     </span>
    </p>
   </div>
   <div class='ocr_carea' id='block_1_3' title="bbox 1471 146 1475 810">
    <p class='ocr_par' dir='ltr' id='par_1_3' title="bbox 1471 146 1475 810">
     <span class='ocr_line' id='line_1_45' title="bbox 1471 146 1475 810; baseline 0 0"><span class='ocrx_word' id='word_1_435' title='bbox 1471 146 1475 810; x_wconf 95' lang='lat' dir='ltr'><strong> </strong></span> 
     </span>
    </p>
   </div>
   <div class='ocr_carea' id='block_1_4' title="bbox 0 0 1484 5086">
    <p class='ocr_par' dir='ltr' id='par_1_4' title="bbox 0 0 1484 5086">
     <span class='ocr_line' id='line_1_46' title="bbox 0 0 1484 5086; baseline 0 0"><span class='ocrx_word' id='word_1_436' title='bbox 0 0 1484 5086; x_wconf 95' lang='lat' dir='ltr'><strong> </strong></span> 
     </span>
    </p>
   </div>
  </div>
 </body>
</html>
