2946 5086
151 190 214 259 296

181 433 325 502 Pragenses
343 434 446 487 insimul
464 441 637 505 congregatae
656 433 727 487 illurn
746 431 846 485 salvum
863 434 1019 486 conductum
1035 429 1165 500 legentes,
1182 360 1417 488 ttttcttttel'tlllbpag⁸

181 504 277 555 tamdiu
295 504 426 571 quaelibet
442 519 554 572 persona
571 506 597 554 in
615 504 666 556 boo
684 502 900 570 perseveraverit,
909 503 1080 557 nominantur.
1098 494 1213 550 'landem
1232 486 1362 558 q11⁰m⁰d⁰

181 587 226 624 rex
243 570 415 642 Pragensibus
433 575 556 642 scriptum
574 575 638 628 illud
655 572 748 626 icedns
774 570 954 628 annibilavedt
972 589 1363 629 ··········
1378 552 1420 609 2⁶0

700 639 808 727 Caput
828 639 880 705 30.

148 726 175 781 ln
194 743 246 796 qno
265 729 416 789 insinuatur,
435 728 506 796 quod
531 729 569 783 illi
586 728 685 786 Passelr
703 736 730 781 et
755 727 813 794 ejus
830 726 923 778 turbae
947 740 1044 780 cornua
1062 720 1216 777 deciderint.
1251 711 1363 795 Tandem

181 797 250 864 quod
270 795 383 850 Uaabera
402 800 428 850 in
446 799 555 850 comitiis
566 800 684 853 Bndvicii
697 812 783 850 coram
796 811 861 864 rege
877 794 1022 849 admonitus
1035 802 1062 847 et
1079 794 1112 845 de
1126 789 1245 858 ejusdem
1255 783 1364 864 falsitate

178 866 323 933 inculpatus
342 867 427 919 luerit.
454 866 517 920 ltem
537 869 607 934 quod
625 883 672 919 rex
690 883 721 919 cx
739 867 849 918 comitiis
866 864 955 918 literas
973 857 1264 939 severasPragensibus
1282 867 1364 918 serap·

178 936 249 1000 serit,
269 936 351 1002 ipsum
370 950 433 987 vero
452 936 684 990 administratorem
711 950 743 988 ex
769 933 886 987 omnibus
913 934 1055 1002 provinciis
1081 931 1160 1000 regiis
1187 941 1241 1009 snas
1260 920 1364 974 exulare

174 1003 290 1070 jusserit,
310 1013 334 1055 et
354 1004 484 1072 quomodo
504 1006 528 1055 ei
547 1007 573 1057 in
591 1009 634 1057 via
653 1007 771 1068 cessarit,
789 1003 859 1070 qnod
879 1005 1015 1056 cumsicut
1032 999 1109 1053 alium
1122 996 1282 1051 malitiosum
1299 990 1363 1042 tole·

184 1087 242 1126 rare
259 1073 385 1128 noluerint
404 1081 429 1128 et
446 1072 533 1125 locum
550 1073 714 1130 habitationis
732 1088 784 1125 non
802 1071 912 1126 laverint
929 1101 1364 1126 ···········
1378 1055 1417 1113 262

702 1140 809 1229 Caput
829 1139 882 1205 31.

143 1226 171 1282 ln
190 1244 242 1296 qno
260 1230 402 1280 insinnatur
420 1228 453 1281 da
471 1244 534 1298 rege
551 1232 664 1299 Joanne,
683 1229 757 1282 aliter
774 1227 915 1294 Stepbano,
925 1229 968 1297 qni
987 1226 1076 1281 dolore
1095 1229 1241 1277 commotus
1252 1218 1279 1271 in
1292 1217 1366 1270 anxi-

178 1298 240 1351 linm
258 1297 307 1349 sibi
326 1300 465 1365 assumpsit
482 1297 588 1352 'luscam
613 1309 701 1352 contra
728 1313 817 1367 regem
830 1296 1027 1349 Ferdinandurn.
1063 1293 1098 1348 Et
1123 1292 1256 1360 quomodo
1287 1287 1367 1339 Tusca

178 1383 287 1435 reguum
307 1366 454 1434 Hungariae
473 1367 655 1431 devastaverit,
686 1367 785 1422 Budam
803 1374 829 1418 et
846 1365 909 1418 alias
938 1380 1011 1418 arces
1037 1362 1234 1483 expugnaverit,
1261 1354 1366 1408 tandem

176 1435 302 1488 Viennam
325 1450 408 1502 usque
425 1438 575 1500 pervenerit
603 1445 630 1489 et
648 1437 845 1505 oppugnaverit.
864 1433 946 1488 Simul
964 1448 1057 1487 caueae
1086 1447 1101 1483 a
1120 1425 1364 1496 ierunt‚cur1)eus

176 1508 202 1558 in
220 1518 308 1573 regem
326 1503 404 1556 talcm
422 1506 552 1557 inimicum
571 1507 706 1558 immiserit
741 1533 1357 1560 ...............
1373 1489 1417 1546 256

700 1570 807 1660 Caput
827 1572 881 1638 32.

142 1659 191 1712 Ubi
209 1657 321 1711 refertur
346 1673 490 1712 consensus
507 1676 555 1726 pro
587 1662 763 1714 transactione
781 1659 849 1712 Suae
868 1657 965 1729 Regiae
982 1656 1122 1724 Maiestatis
1150 1653 1183 1707 ad
1213 1653 1365 1732 petitio-aem

173 1729 395 1781 administratoris
414 1737 440 1779 et
458 1728 625 1796 Pragensinm
650 1746 707 1781 cnm
726 1728 845 1782 exulibus
868 1743 962 1795 nempe
989 1743 1047 1779 cum
1066 1726 1170 1779 titensa
1195 1733 1222 1775 et
1240 1729 1362 1791 magistro

174 1795 330 1848 wenceslao
348 1797 474 1861 Daniele;
500 1799 586 1851 extales
605 1802 682 1852 etlam
702 1798 772 1866 quod
790 1814 835 1849 sna
848 1799 996 1867 gravmmna
1015 1811 1101 1848 coram
1118 1793 1168 1846 illis
1178 1788 1365 1845 mediatoribus

171 1868 373 1929 insinuaverim
390 1866 465 1918 simul
483 1874 509 1917 et
531 1866 603 1935 Zilia
627 1869 778 1921 laniacum
802 1867 878 1918 tnrba
898 1881 943 1917 sua
968 1865 1067 1917 illarum
1092 1876 1264 1931 personarum
1284 1873 1363 1911 onera

171 1935 267 1997 refert3
286 1935 389 1987 tandem
415 1935 474 1986 illos
493 1951 540 2003 pro
559 1935 636 1989 bonis
654 1934 801 1988 hominibus
820 1943 846 1987 et
866 1934 935 2001 quod
954 1932 1050 1986 nullum
1069 1931 1164 1984 malum
1191 1929 1224 1982 de
1243 1929 1295 1981 illis
1313 1927 1364 1979 diei

172 2005 263 2070 possit,
294 2018 380 2054 coram
405 2004 524 2056 omnibns
559 2005 682 2075 divulgat.
721 2003 777 2055 Rex
795 2003 900 2057 tandem
919 2011 1036 2055 senatum
1061 2006 1179 2069 renovat,
1208 2006 1234 2050 et
1264 1998 1355 2050 exutas

171 2073 249 2123 iidem
266 2073 418 2139 profitentur
449 2103 1351 2132 .....................
1368 2057 1413 2118 263

694 2139 800 2229 Caput
820 2141 873 2206 33.

135 2225 162 2279 ln
181 2243 233 2294 qno
260 2229 410 2296 insinnatur,
429 2228 500 2296 quod
522 2245 569 2281 rex
586 2228 735 2297 magistrum
764 2227 861 2281 Passala
880 2227 913 2278 ad
930 2241 959 2279 se
978 2226 1050 2277 citari
1064 2224 1150 2292 jussit,
1178 2224 1257 2291 eique
1287 2235 1364 2289 quos·

170 2297 229 2346 dom
248 2310 373 2348 excessus
392 2306 479 2349 contra
499 2313 588 2367 regem
607 2297 766 2350 ludovicum
785 2297 936 2348 commissos
955 2296 1129 2363 proposuerit.
1165 2290 1362 2357 Tandemquod

169 2365 239 2416 illum
258 2365 427 2433 admonuerit,
453 2373 480 2417 ut
497 2366 687 2418 administrator
706 2364 821 2418 Uaabera
846 2366 986 2417 conciones
1008 2361 1149 2414 insolentes
1167 2369 1194 2413 et
1212 2362 1244 2412 ad
1266 2355 1363 2411 turnul-

168 2442 220 2484 tnm
241 2439 267 2483 et
295 2434 401 2484 dissidia
419 2438 580 2487 concitantes
599 2438 704 2488 omittat.
742 2434 823 2486 Simul
841 2433 912 2501 quod
930 2432 1015 2484 eidem
1034 2430 1135 2485 Passels
1160 2444 1207 2483 rex
1225 2427 1362 2496 objecerit

169 2502 238 2568 qnod
275 2503 427 2569 quibusdam
468 2505 614 2556 civitatibus
644 2504 803 2572 persuadere
834 2511 940 2554 conatus
970 2501 1054 2562 inerit,
1079 2506 1107 2550 nt
1124 2514 1153 2551 se
1171 2514 1186 2550 a
1204 2513 1270 2566 rege
1289 2497 1365 2562 dirigi

173 2586 224 2622 non
243 2573 335 2626 sinant.
371 2571 435 2622 ltem
454 2574 524 2638 qnod
544 2581 632 2624 contra
651 2573 798 2624 mandatum
823 2573 923 2640 regium
953 2569 1076 2637 populum
1096 2569 1128 2620 ad
1154 2567 1361 2636 praecedentem

167 2641 288 2691 unionem
307 2640 466 2707 persuadere
486 2642 605 2695 voluerit.
640 2640 734 2700 Ultimo
753 2641 884 2708 quomoda
914 2639 985 2690 illum
1003 2637 1086 2707 Praga
1114 2636 1219 2689 exulare
1234 2636 1359 2703 jusserit.
1379 2626 1422 2684 W

684 2734 791 2823 Caput
811 2735 863 2800 34.

131 2819 179 2872 Ubi
199 2821 362 2874 nominantur
380 2834 506 2888 personae
525 2820 666 2890 relegatae,
685 2822 717 2875 de
737 2823 831 2891 quibus
849 2823 877 2873 in
896 2820 991 2873 curiam
1024 2820 1106 2873 citatis
1124 2817 1276 2887 Pragenses
1294 2815 1361 2871 insi·

165 2896 285 2957 nnarnnt,
304 2890 602 2957 qnodadministratores
613 2900 638 2943 et
655 2893 688 2944 de
705 2892 754 2944 illis
769 2892 905 2944 contestati
918 2889 1021 2954 luerint,
1040 2897 1067 2940 et
1084 2904 1130 2956 pra
1149 2890 1218 2940 veris
1239 2885 1361 2940 christia·

166 2961 206 3008 nis
225 2972 270 3008 eos
289 2957 517 3026 promulgaverint.
554 2957 624 3021 Quos
644 2960 787 3028 Pragenses
807 2960 892 3012 denno
911 2961 937 3010 iu
956 2959 1163 3010 communitatem
1185 2963 1363 3024 receperunt3

165 3025 269 3078 tandem
289 3029 366 3079 etiam
385 3034 411 3079 et
429 3026 491 3078 alias
510 3029 703 3095 personasboc
722 3031 800 3082 modo
822 3029 907 3081 denuo
926 3042 1016 3079 omnes
1035 3033 1208 3095 susceperunt
1264 3066 1271 3081 .
1305 3065 1314 3084 .
1355 3019 1422 3076 ,276

689 3095 796 3186 Caput
816 3098 870 3165 35.

128 3179 157 3233 lu
178 3198 229 3249 quo
248 3183 400 3248 insinuatur,
426 3183 496 3249 qnod
516 3182 606 3234 consul
626 3191 652 3234 et
669 3196 773 3238 sanatus
797 3191 950 3236 attestentur
977 3198 1064 3235 coram
1087 3188 1140 3234 tota
1159 3183 1355 3254 communitate,

167 3268 196 3302 se
216 3251 273 3302 illos
292 3250 380 3303 exules
400 3252 485 3304 denuo
504 3255 529 3304 in
549 3255 757 3306 communionem
776 3254 878 3307 civilem
893 3252 1075 3320 assumpsisse,
1094 3259 1120 3302 et
1130 3250 1355 3306 administratores

167 3320 224 3370 illos
244 3337 290 3387 pro
310 3322 378 3372 veris
397 3330 422 3372 et
441 3321 563 3372 fidelibus
582 3320 725 3375 christianis
744 3323 903 3390 declarasse,
922 3323 999 3372 etiarn
1017 3334 1155 3388 personae,
1174 3335 1243 3387 quaa
1262 3321 1358 3375 iterum

163 3404 287 3440 reversae
308 3389 422 3456 inerunt,
448 3391 621 3444 nominantur.
656 3391 768 3443 Tandem
796 3392 829 3443 dc
861 3393 1029 3443 coronatione
1057 3389 1084 3441 in
1110 3389 1221 3457 imperio
1253 3403 1361 3444 romano

163 3459 236 3525 regis
256 3457 427 3524 Ferdinandi‚
449 3466 475 3508 et
493 3459 575 3525 qualis
594 3474 711 3512 annonae
731 3463 823 3514 caritas
840 3460 880 3514 bis
899 3461 972 3512 annis
990 3458 1067 3511 fuerit
1094 3493 1361 3518 .......
1377 3457 1419 3514 278

681 3526 788 3613 Caput
814 3529 866 3594 36.

128 3610 176 3662 Ubi
197 3613 340 3663 insinnatur
358 3613 440 3677 primo
460 3612 610 3679 dePasselr,
630 3614 723 3680 quibus
736 3616 809 3667 malis
822 3615 934 3668 eundern
944 3613 1016 3666 Dens
1035 3614 1062 3664 iu
1079 3613 1238 3672 boemundo
1254 3624 1362 3683 propter

161 3680 278 3746 ejusdem
297 3680 475 3733 infidelitatem
501 3691 527 3734 et
555 3682 691 3735 falsitatem
714 3687 854 3752 puniverit.
888 3683 954 3735 ltem
984 3683 1018 3736 de
1036 3679 1110 3734 fabro
1128 3681 1265 3736 Zenhlubil
1282 3686 1362 3751 dicto,

159 3751 185 3800 in
206 3758 299 3815 quauta
318 3749 466 3801 infirmitate
481 3751 603 3816 jacuerit,
622 3759 648 3804 et
667 3754 798 3819 quomado
816 3755 894 3807 vitam
913 3752 1033 3806 finiverit.
1068 3748 1132 3803 Item
1152 3767 1221 3821 quae
1244 3751 1318 3806 Deus
1336 3757 1361 3808 in

161 3819 290 3871 tunionem
309 3817 408 3886 Zy'liam
429 3821 572 3892 immiserit,
591 3829 616 3873 et
635 3824 673 3872 sic
692 3822 724 3875 de
744 3820 804 3874 aliis
825 3857 1277 3876 ...........
1300 3860 1321 3876 ,.
1354 3822 1418 3880 ,280

632 3886 680 3953 Ua
703 3899 738 3954 ut
774 3889 921 3956 ultimum

125 3972 154 4027 ln
174 3989 225 4040 qrro
243 3980 396 4040 repetuntur
414 3990 505 4028 omnes
523 3976 572 4028 lrae
592 3913 768 4029 dissenUones
787 3993 845 4029 cum
864 3978 1042 4047 admiratione,
1055 3977 1138 4044 qnasi,
1157 3992 1204 4030 cnr
1223 3978 1352 4034 Ueusbos

159 4047 216 4109 pios
235 4050 261 4093 et
283 4044 366 4109 justos
385 4043 502 4096 honriues
520 4047 618 4096 tamdiu
636 4047 662 4097 in
679 4045 719 4096 bis
737 4044 920 4098 afflictionibus
938 4054 965 4098 et
987 4048 1097 4099 miseriis
1126 4047 1278 4115 relinquere
1304 4051 1362 4122 dig·

157 4121 229 4163 natus
266 4110 349 4165 luerit.
392 4111 454 4165 ltem
474 4113 577 4180 qualem
605 4114 749 4181 proiectum
774 4123 801 4166 et
824 4114 952 4167 fortunam
985 4122 1037 4168 tam
1065 4115 1217 4171 crudelibus
1245 4124 1361 4186 tyrannis

157 4196 243 4248 super
254 4179 337 4233 bonos
356 4188 382 4237 et
396 4180 481 4246 justos
500 4182 572 4235 Deus
589 4182 702 4242 tribuere
723 4184 840 4254 dignatus
866 4183 942 4237 luerit
998 4220 1320 4245 ........
1352 4182 1360 4243 '.
1377 4183 1420 4244 tat
