2946 5086
92 86 252 184 quaerens
285 93 393 182 magis
423 49 580 161 honorem
613 98 649 159 et
676 88 812 159 landem
840 84 1057 187 'temporalem
1071 106 1189 177 *quem
1220 87 1365 171 divinent,

91 196 331 286 obsequebatur
349 192 424 287 plue
444 194 605 265 voluntati
624 194 791 265 hommum
811 196 954 285 pluriam
971 190 1108 263 otidum
1134 191 1368 274 demomtrevit,

90 300 167 367 dnm
202 299 348 366 Joannee
383 298 515 366 Hlawsa
552 320 626 365 cum
661 297 856 388 quibusdam
884 299 957 365 aliis
988 300 1024 364 in
1055 319 1155 364 cauea
1176 295 1293 362 harum
1314 293 1369 360 dis·

90 403 271 470 cordiarum
293 424 404 491 regem
425 403 581 470 accedere
602 401 792 487 voluissent,
814 402 871 471 ille
886 402 1067 491 impedivit,
1083 402 1277 489 promittens
1294 397 1369 488 qnod

89 511 214 576 ratione
236 510 332 598 hujus
353 510 402 574 rei
422 510 494 597 ipse
515 530 613 596 agere
634 508 722 594 apud
743 529 865 595 regem,
899 517 932 573 et
962 509 1138 595 impetrare
1159 505 1241 572 velit
1268 502 1372 569 melius

88 633 129 678 ao
150 614 253 696 citius,
270 634 367 700 quam
380 612 429 678 illi
452 613 529 696 eoli3
557 611 717 700 quomodo
736 619 843 678 autem
859 612 972 698 egerit,
987 611 1022 675 in
1042 609 1151 676 reditu
1172 611 1280 697 ipsius
1294 616 1372 674 actus

90 715 332 783 demonstravit.
376 716 466 780 Dum
489 737 566 803 ergo
589 737 632 781 ex
652 715 1027 801 Hungariaredivisset,
1049 715 1241 784 universum
1265 723 1371 780 statum

89 820 219 888 civilem
240 842 299 908 pro
322 820 376 886 die
398 820 612 886 determinato
634 821 774 907 Pragam
796 820 889 885 citari
907 820 1015 906 jussit,
1051 828 1087 887 ut
1108 843 1230 907 nempe
1253 819 1369 906 legatos

91 945 166 991 suos
187 925 328 1012 Pragam
349 926 486 1002 mittant,
508 933 541 989 et
561 932 732 1012 postquam
755 925 985 992 convenissent
1006 927 1041 990 in
1064 927 1155 990 curia
1175 925 1334 1011 Pragensi
1347 924 1375 987 in

89 1028 162 1096 loco
174 1039 304 1096 senatus
317 1052 390 1096 cum
402 1030 549 1117 principe
561 1029 614 1094 dic
626 1029 722 1095 lunae
733 1038 807 1117 post
817 1029 935 1094 festum
947 1029 978 1095 S.
989 1029 1201 1097 Elisabethae
1218 1027 1372 1117 (2LNov.)

92 1134 169 1198 anni
190 1132 288 1222 hujus
312 1134 406 1216 1524,
429 1132 587 1198 allocutus
609 1132 670 1197 fuit
684 1134 836 1220 princeps
852 1131 1007 1220 populum
1021 1135 1233 1220 Progensem,
1249 1132 1371 1199 dicens:

95 1235 181 1324 quod
202 1259 321 1325 nempe
343 1237 384 1303 de
407 1258 442 1301 se
465 1235 600 1320 dicatur,
625 1238 731 1322 egisse
753 1237 839 1324 apud
861 1262 973 1327 regem
1003 1247 1116 1304 contra
1138 1237 1222 1315 illos,
1247 1237 1323 1303 huic
1341 1243 1372 1301 ut

89 1340 188 1406 fidem
222 1361 288 1406 non
320 1340 517 1424 adhibeant,
556 1341 614 1406 sed
652 1340 739 1428 quod
768 1341 935 1430 hucusque
969 1364 1097 1430 semper
1133 1343 1245 1408 omnia
1278 1342 1373 1428 egerit

90 1465 148 1532 pro
169 1453 262 1532 parte
292 1453 324 1509 et
355 1444 440 1510 bono
472 1445 630 1531 ipsorum,
668 1451 823 1531 quantum
855 1448 918 1534 ipsi
956 1447 1112 1535 possibile
1143 1447 1213 1531 fuit,
1239 1457 1273 1511 et
1294 1443 1373 1534 quod

89 1547 185 1614 modo
207 1549 329 1635 pariter
357 1549 403 1613 ita
435 1550 548 1635 egerit.
592 1549 654 1613 His
687 1548 783 1614 dictis
811 1548 998 1637 Pragenses
1021 1548 1162 1618 eundem
1183 1550 1376 1621 beneventa-

89 1662 174 1737 rnnt,
198 1653 319 1739 gratias
340 1653 390 1718 illi
412 1652 578 1719 humiliter
610 1661 755 1740 agentes,
790 1654 876 1742 quod
909 1655 1084 1721 humilians
1107 1677 1142 1721 se
1164 1657 1201 1721 in
1224 1653 1377 1741 dignitate

90 1778 158 1841 sua,
180 1759 216 1824 in
238 1756 325 1823 hune
360 1756 468 1823 locum
497 1759 583 1822 inter
619 1758 708 1844 ipsos
737 1756 917 1842 advenerit,
949 1782 1045 1846 quem
1067 1759 1225 1825 honorem
1250 1768 1283 1826 et
1304 1759 1378 1823 ami·

90 1863 201 1927 citiam
223 1861 310 1949 quod
332 1861 517 1947 gratissimo
540 1859 719 1946 suscipiant
730 1861 848 1946 animo,
867 1861 1040 1928 offerentes
1056 1885 1091 1927 ae
1114 1861 1156 1927 ad
1179 1861 1372 1929 omneobre·

91 1964 211 2053 quium.
256 1964 360 2031 Simul
382 1966 479 2030 etiam
503 1963 661 2052 ablegatis
682 1965 851 2032 civitatum
882 1966 1111 2033 beneventatio
1148 1967 1237 2033 facta
1258 1967 1328 2051 fuit,
1349 1974 1375 2030 et

90 2071 265 2158 gratianum
287 2071 382 2150 actio,
406 2066 492 2157 quod
514 2069 578 2135 huc
601 2071 820 2136 convenerint.
865 2071 895 2135 E
913 2080 1025 2137 contra
1047 2070 1190 2159 ablegati
1213 2073 1372 2138 civitatum

89 2183 314 2240 montanarum
336 2182 369 2239 et
389 2173 524 2239 aliarum
546 2175 764 2259 insinuarunt,
788 2174 912 2241 lubenti
929 2176 1037 2241 animo
1054 2175 1116 2241 hoc
1136 2175 1261 2241 factum
1282 2176 1373 2241 fnisse

90 2278 133 2344 ad
152 2278 338 2345 mandatum
361 2279 496 2364 regium,
519 2278 582 2344 hoe
603 2287 773 2366 practerea
794 2279 936 2366 ablegati
955 2279 1121 2364 addentes,
1147 2279 1235 2367 quod
1258 2288 1373 2367 gratum

90 2383 156 2449 illis
191 2383 305 2450 videre
340 2384 410 2467 erit,
445 2384 473 2446 si
506 2384 540 2447 in
574 2382 636 2448 hac
668 2382 749 2448 urbe
772 2384 970 2450 adverterint
999 2385 1084 2450 inter
1104 2385 1195 2471 ipsos
1229 2406 1371 2465 amorem,

91 2486 296 2554 concordiam
320 2493 352 2550 et
373 2487 525 2551 unionem
547 2485 669 2552 bonam
692 2488 826 2553 versari.

175 2590 305 2655 Deinde
328 2591 479 2678 princeps
500 2590 686 2672 insinuavit,
711 2589 796 2677 quod
819 2612 879 2656 rex
901 2590 950 2656 illi
971 2589 1126 2656 mandare
1156 2589 1310 2676 dignatus
1328 2590 1372 2666 sit,

90 2705 126 2760 ut
145 2703 314 2782 utramque
345 2701 479 2781 partem,
512 2715 630 2781 nempe
658 2693 841 2779 Pragenses
874 2716 947 2759 cum
978 2695 1118 2781 captivis
1150 2695 1249 2760 simul
1282 2716 1372 2760 sena-

89 2798 222 2882 toribus,
245 2798 435 2863 nominatim
467 2805 576 2862 autem
598 2819 672 2863 cum
694 2797 835 2863 Daniele
868 2798 1009 2883 Rausch,
1043 2800 1202 2886 magistro
1225 2800 1374 2866 Wenees·

89 2903 141 2969 lao
165 2903 309 2986 Daniele,
332 2904 486 2989 magistro
508 2901 700 2990 Bryckczio,
722 2902 850 2968 Joanne
872 2903 1041 2992 llrasymo,
1074 2912 1106 2968 et
1128 2903 1241 2969 Blasio
1271 2901 1374 2992 panni·

89 3008 151 3074 fice
173 3017 297 3074 secrete
319 3030 393 3073 cum
416 3006 575 3093 ablegatis
598 3030 641 3073 ex
663 3007 850 3074 civitatibus
884 3009 1047 3092 exaudiat,
1071 3008 1207 3085 addens,
1233 3018 1269 3074 ut
1290 3008 1373 3095 prius

88 3111 271 3199 Pragensea
294 3134 408 3178 causas
430 3111 505 3176 talis
527 3113 751 3178 commotionis
774 3122 806 3178 et
835 3113 989 3178 tumultus
1011 3114 1095 3177 inter
1117 3110 1275 3198 populum
1298 3111 1370 3176 insi·

89 3226 198 3299 nuent,
222 3216 309 3304 quod
332 3216 412 3281 haec
434 3215 547 3281 audire
569 3216 658 3284 velit.
703 3217 795 3282 Tunc
817 3219 972 3303 magister
993 3216 1137 3281 Joanues
1165 3214 1294 3280 Passek
1313 3215 1374 3279 loco

89 3321 251 3405 consulis,
266 3331 396 3387 senatus
420 3330 453 3386 et
474 3321 675 3408 quorundam
692 3322 930 3386 communitatis
947 3321 1119 3401 seniorum,
1149 3318 1274 3384 ibidem
1293 3338 1375 3407 prae·

91 3427 230 3492 sentium
250 3424 340 3513 loqui
363 3425 488 3512 coepit,
511 3425 645 3493 dicens:
669 3424 755 3512 quod
778 3447 890 3490 omnes
916 3425 978 3491 sibi
1001 3423 1278 3511 congratulentur,
1303 3423 1372 3487 dnm

89 3529 171 3596 haec
192 3529 298 3595 audiri
320 3538 481 3616 petuntur,
504 3551 545 3595 ne
567 3552 676 3596 rumor
699 3528 893 3616 divulgetur,
929 3537 961 3594 et
987 3531 1053 3616 ipsi
1075 3527 1295 3614 suspicionem
1318 3546 1374 3591 non

88 3636 262 3712 incurrant,
285 3634 372 3721 quod
394 3643 506 3700 contra
526 3634 600 3700 illos
624 3636 779 3722 captivos,
814 3636 926 3721 quiin
969 3631 1155 3699 carceribus
1186 3629 1372 3712 detinentur,

87 3749 143 3805 aut
164 3741 220 3827 qui
243 3761 286 3804 ex
307 3738 387 3804 urbe
410 3739 502 3804 exire
520 3739 605 3826 jussi
627 3749 711 3823 sunt,
734 3741 804 3805 sine
827 3761 926 3805 causa
948 3741 1085 3825 egerint,
1109 3734 1167 3801 sed
1191 3756 1276 3823 quae
1298 3755 1374 3802 com·

89 3845 255 3926 miserunt,
279 3852 312 3908 et
333 3864 416 3931 quae
439 3844 481 3908 de
502 3841 568 3920 illis
591 3843 712 3930 scripta
735 3853 821 3929 sunt,
832 3844 914 3909 haec
933 3866 1013 3909 vera
1024 3863 1106 3924 esse,
1118 3838 1229 3905 nullus
1249 3838 1373 3906 dubitet

89 3944 236 4014 'landem
252 3948 422 4034 jusserunt
453 3947 521 4033 legi
552 3946 663 4013 literas
696 3950 814 4034 regias,
848 3950 882 4013 in
915 3947 1033 4035 quibus
1055 3947 1121 4010 rer(
1137 3944 1318 4028 mandavit,
1339 3961 1374 4006 no

89 4047 285 4117 Pickhartae
319 4061 352 4118 et
382 4052 562 4117 Lutherani
594 4053 629 4117 in
662 4052 743 4118 urbe
764 4052 923 4138 Pragensi
945 4050 1132 4132 tolerentur,
1170 4049 1369 4136 quodetiam

88 4174 149 4242 per
170 4152 317 4223 dominos
339 4156 465 4244 legatos
488 4157 573 4223 Suae
583 4157 707 4242 Regiae
726 4156 916 4244 Majestatis,
936 4165 1032 4244 prout
1038 4157 1109 4243 jam
1130 4155 1221 4242 prius
1237 4157 1273 4220 in
1288 4172 1370 4220 reno·

88 4257 220 4326 vatione
242 4270 381 4346 senatus,
402 4260 484 4327 illud
521 4259 709 4327 mandatum
731 4260 800 4343 fuit,
831 4283 946 4326 verum
978 4258 1027 4325 illi
1050 4260 1189 4345 captivis
1215 4259 1304 4346 qnod
1326 4256 1368 4321 hie

89 4363 260 4444 mandatis,
283 4361 430 4449 decretis,
452 4364 554 4432 literis
578 4387 613 4430 se
636 4366 854 4453 opposuerint,
885 4373 917 4430 et
937 4364 1011 4429 lieri
1034 4386 1073 4429 ac
1096 4364 1215 4451 exequi
1243 4360 1370 4452 impedi·

89 4472 204 4540 verint,
250 4465 339 4548 Quid
371 4470 504 4535 ulte‘·²···
539 4469 663 4541 Passek
697 4479 884 4555 camparte
918 4470 1066 4555 opposita
1088 4467 1149 4534 sibi
1182 4467 1372 4536 adhaerente
