2946 5086
91 169 154 241 124

89 341 155 409 Hic
177 363 251 408 eum
288 337 464 408 violentiae
502 343 535 403 et
565 337 600 403 vi
621 302 761 425 injustae
794 335 947 402 resistere
983 356 1050 403 non
1080 304 1259 425 potuerint,
1286 337 1382 401 eoacti

92 445 222 512 luerunt
257 466 292 510 se
328 447 375 511 ita
406 463 520 531 gerere
556 449 588 507 et
636 462 734 527 agere
772 437 950 508 seeundum
985 440 1184 515 voluntatem
1227 440 1382 506 seniorum

91 549 318 639 magistrorum
354 546 511 627 tribuum,
546 530 716 613 adiverunt
758 539 1067 629 administratorem,
1105 554 1138 611 et
1182 543 1291 611 eidem
1332 567 1382 610 nc·

89 654 194 722 titiam
215 653 257 720 de
278 653 337 721 tali
358 672 469 719 eorum
489 649 642 721 mandato
663 649 862 734 retulerunt3
885 648 941 715 ille
962 671 1040 716 vero
1061 671 1202 737 nequam
1225 643 1381 738 aliquibus

88 760 205 843 mitior,
229 757 420 848 quibusdam
440 779 520 825 vero
542 755 677 844 rigidior
698 774 734 819 se
755 753 925 838 exbibens,
946 752 1020 820 illos
1042 755 1159 821 iterum
1205 755 1251 821 ad
1284 756 1380 841 magi·

92 874 175 930 utros
213 862 354 931 tribuum
383 863 508 929 remisit
544 869 576 926 et
596 861 631 926 in
654 857 815 947 quandam
837 867 957 924 certam
979 858 1183 925 securitatem
1212 862 1380 930 constituit.

89 967 242 1034 llli‘vero
264 990 331 1049 non
355 967 457 1033 semel
479 965 537 1031 sed
552 963 714 1031 multoties
735 963 812 1029 binc
832 962 910 1031 inde
932 964 1024 1051 quasi
1046 974 1190 1031 errantes
1212 966 1273 1031 tali
1293 965 1381 1038 modo

91 1071 347 1156 obambularunt,
371 1080 404 1137 et
424 1091 530 1158 neque
551 1070 586 1134 in
623 1067 720 1151 tribu,
743 1089 849 1155 neque
885 1068 972 1155 apud
1000 1068 1296 1135 administratorem
1328 1070 1378 1134 ali·

89 1175 167 1264 quid
189 1175 334 1243 obtinere
355 1183 588 1264 potuerunt,ac
608 1173 643 1238 in
665 1174 893 1238 communitate
915 1173 962 1238 eia
985 1170 1146 1251 dixerunt,
1170 1173 1261 1262 quod
1281 1176 1316 1240 in
1347 1173 1379 1239 il-

90 1280 130 1348 lis
164 1279 293 1369 culpam
325 1278 446 1347 nullam
480 1285 668 1365 agnoscant,
689 1298 751 1343 nec
786 1299 916 1343 causam
938 1277 1015 1342 mali
1036 1277 1213 1344 attribuere
1248 1278 1378 1375 possint,

91 1406 154 1450 nec
176 1406 232 1450 eos
248 1383 419 1472 judieare3
442 1383 476 1448 id
498 1383 584 1461 enim
605 1382 648 1448 ad
669 1380 742 1447 illos
764 1402 830 1446 non
851 1382 1022 1470 pertinere,
1046 1381 1104 1448 sed
1120 1391 1156 1447 ut
1177 1381 1222 1447 ad
1243 1381 1377 1448 admini-

91 1497 264 1568 stratorem
285 1489 416 1573 vadant,
448 1509 529 1574 quos
552 1488 650 1553 etiam
671 1485 911 1552 administrator
946 1486 1065 1553 talibus
1104 1485 1216 1579 verbis
1253 1489 1381 1570 remisit,

9 1604 13 1619 '
90 1595 177 1663 siout.
193 1603 228 1665 ¹et
249 1602 391 1677 senatus,
417 1595 528 1681 itaque
543 1612 606 1657 eos
628 1593 796 1678 angustiae
818 1590 940 1680 ubique
961 1599 1091 1656 senune
1124 1588 1210 1672 sunt,
1227 1601 1378 1680 ‚excepte

91 1700 160 1781 illo,
182 1699 238 1786 qui
258 1698 342 1765 bens
365 1697 491 1765 solvere
527 1697 638 1786 potuit.
682 1695 774 1761 Haec
807 1716 881 1761 eum
903 1694 1096 1783 quibusdam
1134 1695 1259 1763 tamdiu
1293 1697 1380 1763 dura·

90 1805 180 1889 bant,
211 1803 316 1873 donec
351 1802 492 1891 quidem,
516 1805 593 1872 dum
614 1812 704 1875 tanta
727 1826 825 1871 onera
842 1805 913 1891 jam
948 1803 1083 1869 sufferre
1104 1825 1171 1869 non
1192 1805 1378 1891 potuissent,

24 1941 26 1946 ·
92 1909 241 1977 omnibus
262 1907 425 1975 alimentis
436 1909 591 1994 destituti,
613 1911 803 1999 praesertim
816 1930 986 1997 pauperes,
1010 1930 1053 1974 ex
1067 1909 1199 1975 civitate
1224 1909 1380 1975 excedere

94 2013 284 2083 debuerunt.
322 2013 388 2094 Qui
423 2038 503 2082 vero
535 2020 792 2103 permanserunt,
825 2014 859 2079 bi
880 2015 1068 2100 promittere
1102 2012 1297 2092 debuerunt,
1334 2013 1382 2078 die

6 2120 8 2125 ’
92 2128 125 2186 et
161 2128 303 2207 tempore
336 2118 548 2186 determinato
584 2129 616 2184 et
652 2120 815 2185 nominato
848 2120 883 2183 in
912 2117 1112 2199 consistorio,
1149 2117 1381 2204 professionem

91 2222 169 2289 fidei
204 2211 437 2290 contumeliose
471 2231 503 2291 et
538 2225 777 2289 revocationem
809 2221 981 2310 deponere,
1013 2223 1050 2287 in
1073 2222 1240 2309 'Peynensi
1278 2221 1380 2289 ecele-

91 2329 142 2394 sia
174 2326 216 2393 ad
238 2328 340 2395 altare
361 2348 462 2414 penes
495 2326 699 2416 sepulchrum
728 2327 902 2415 Augustini
935 2326 1095 2414 quondam
1120 2327 1264 2415 episcopi
1288 2327 1382 2393 Sanc·

95 2432 276 2515 tuariensis,
313 2430 371 2498 ubi
406 2446 493 2499 nunc
515 2431 669 2498 lectiones
706 2432 857 2519 leguntur
889 2433 1063 2519 eregione
1086 2432 1271 2499 cathedrae.
1314 2435 1382 2500 Hoc

91 2559 169 2606 vero
203 2523 300 2602 tiebat
321 2536 417 2604 modo
439 2546 473 2604 st
493 2537 607 2605 ordine
628 2559 694 2606 non
731 2536 929 2630 christiano..
967 2537 1077 2603 Primo
1111 2536 1187 2604 dum
1223 2537 1379 2624 quendam

90 2640 132 2728 de
174 2641 225 2706 bis
276 2643 424 2728 personis
467 2642 537 2730 jam
572 2645 607 2709 in
658 2643 848 2710 consistorio
892 2641 1074 2708 babuerunt
1113 2649 1269 2726 notatum,
1318 2651 1380 2708 tsn-

92 2746 167 2811 dem
188 2767 231 2811 ex
253 2744 314 2811 hac
339 2745 435 2830 tribu,
458 2746 512 2813 vel
533 2749 752 2835 negotiatione
775 2746 945 2813 ediderunt
981 2744 1023 2811 de
1058 2745 1124 2829 illis
1162 2749 1379 2821 testimonium

94 2851 251 2938 injustum
273 2848 316 2915 ad
337 2839 563 2919 consistorium
586 2852 646 2918 sub
669 2852 785 2938 sigillis
807 2852 894 2917 illius
917 2849 1029 2935 tribus,
1053 2851 1238 2918 obtinentes
1260 2854 1295 2918 in
1333 2853 1379 2918 his

91 2953 179 3019 etin
200 2952 351 3020 omnibus
386 2956 460 3022 aliis
482 2979 503 3021 a
525 2967 639 3023 senatu
676 2956 872 3039 mandatum,
910 2955 1095 3042 etquidem
1118 2956 1192 3022 tale.
1217 2958 1307 3023 Dum
1347 2980 1380 3022 se

92 3057 246 3147 digerunt
277 3081 297 3150 a
334 3060 474 3147 quodam
496 3063 670 3146 audivisse,
709 3062 795 3150 quod
816 3061 873 3127 ille
898 3062 1013 3126 iterum
1036 3060 1116 3126 alibi
1138 3060 1312 3145 audiverit,
1341 3060 1378 3126 ab

89 3161 146 3229 illo
194 3175 343 3252 suspecto
380 3165 538 3253 quaedam
575 3166 616 3233 de
653 3168 863 3245 sacramentis
897 3177 929 3232 et
964 3163 1080 3230 ritibus
1111 3165 1290 3235 ¹eeclesiae
1302 3215 1311 3248 ,
1333 3174 1379 3230 et

90 3267 163 3336 aliis
185 3269 343 3335 similibus
365 3270 491 3358 prolata
511 3270 620 3353 fuisse,
643 3271 706 3336 boc
729 3270 844 3336 statim⁴
870 3270 910 3335 ad
934 3269 1054 3351 literas,
1078 3269 1148 3334 sine
1172 3268 1241 3335 ulla
1263 3268 1379 3354 obliga·

93 3372 180 3439 tione
201 3396 260 3439 seu
295 3374 426 3440 foedere
443 3374 594 3463 judiciali
631 3375 726 3464 hujus
750 3377 851 3452 testis,
888 3382 921 3440 et
942 3373 1046 3440 solum
1069 3382 1182 3439 testem
1219 3397 1321 3440 unum
1341 3373 1379 3438 ad

92 3498 151 3545 sua
180 3477 368 3565 juramenta
387 3480 631 3567 inscripserunt,
666 3482 735 3545 sins
758 3479 824 3544 ulla
850 3478 1001 3567 judiciali
1037 3479 1172 3565 praevia
1202 3479 1375 3560 auditione,

92 3581 189 3648 luerit
209 3581 267 3648 ille
289 3583 380 3648 testis
401 3584 621 3672 cujuscunque
639 3584 835 3651 ‘conditionis
857 3584 912 3650 vel
933 3591 1044 3665 status,
1066 3579 1170 3650 bonus
1185 3583 1239 3649 vel
1263 3583 1373 3665 malus,

91 3702 138 3753 et.
154 3686 240 3753 bunc
261 3687 442 3782 indebitum
464 3697 496 3754 et
520 3690 675 3778 injustum
699 3690 824 3767 testem,
850 3698 881 3755 et
914 3688 1094 3771 subdolum,
1130 3711 1226 3775 quern
1248 3710 1377 3757 accusa·

90 3801 144 3861 ,tus
166 3814 272 3878 neque
293 3793 385 3871 vidit,
408 3806 514 3882 neque
536 3795 669 3872 audivit,
692 3793 735 3861 ad
757 3794 982 3860 consistorium
994 3793 1204 3861 tradiderunt.
1255 3792 1378 3859 Hones-

91 3904 200 3963 tumne
235 3894 299 3962 tale
320 3899 376 3963 aut
410 3898 614 3964 inhonestum
637 3898 804 3985 negotium
824 3898 931 3981 fuerit,
952 3897 986 3962 id
1023 3897 1095 3961 aliis
1123 3898 1165 3961 ad
1203 3897 1378 3985 dijudican-

91 4003 168 4069 dum
191 4001 375 4087 committo;
398 4013 475 4069 tunc
497 4005 583 4070 enim
604 4003 686 4070 illud
699 4005 825 4090 Progne
847 4004 895 4068 sie
916 4002 1082 4089 agebatur,
1104 4003 1149 4085 ut,
1173 4002 1377 4090 quidcunque

90 4117 166 4177 anas
188 4109 282 4191 duos',
302 4116 378 4191 tres,
403 4110 544 4197 quinque
566 4109 619 4177 vel
642 4117 765 4196 septem
803 4130 905 4173 annos
942 4107 993 4173 de
1006 4108 1106 4174 altero
1136 4107 1270 4185 audivit,
1293 4107 1376 4196 quod

91 4208 132 4274 de
156 4233 193 4275 re
226 4211 365 4299 quadam
396 4212 521 4281 locutus
553 4213 660 4297 fuerit,
690 4212 811 4279 fidente
842 4213 901 4295 illi,
934 4221 969 4276 ut
990 4203 1104 4277 amico.
1125 4212 1259 4296 amicus,
1295 4213 1376 4279 civis

92 4313 167 4397 civi,
189 4324 245 4379 aut
267 4318 373 4384 socius
396 4318 493 4401 socio,
517 4317 592 4383 buio
614 4328 680 4385 tam
702 4318 768 4385 leta
801 4327 833 4384 et
866 4318 974 4405 ampla
1008 4316 1142 4383 libertas
1172 4315 1376 4399 tribueretur,

94 4417 181 4507 quod
201 4418 369 4488 illud-non
392 4422 506 4508 solum,
521 4485 524 4488 .
537 4424 624 4512 quod
652 4426 687 4495 iu
718 4424 855 4492 veritate
882 4423 1016 4506 audivit,
1050 4422 1106 4489 sed
1142 4423 1243 4488 multa
1272 4423 1374 4511 plura,

90 4522 270 4589 intentione
291 4528 377 4594 mala
399 4529 583 4615 excogitata
604 4540 637 4597 at
658 4532 734 4597 ficta
756 4529 827 4597 sine
849 4533 939 4598 omni
970 4527 1193 4594 aestimatione
1228 4541 1261 4595 et
1289 4529 1376 4613 judi·

92 4635 144 4699 cio
167 4656 250 4701 unus
272 4641 385 4701 eontra
405 4635 542 4713 alterurn
564 4637 749 4723 protulerit,
763 4645 798 4702 et
829 4636 890 4703 boe
920 4643 1119 4722 assumptum
1152 4656 1211 4722 pro
1244 4636 1378 4700 veritate

90 4739 200 4823 fuerit,
222 4747 256 4806 et
275 4737 353 4803 licet
374 4748 542 4807 assusatus
563 4763 676 4825 omues
698 4750 826 4809 canens
848 4743 1096 4830 coadjuvantes
1118 4740 1309 4827 habuisset,
1338 4751 1380 4808 ta
