2946 5086
1320 179 1386 257 22¹!

97 362 226 442 partem
247 362 323 442 post
344 375 379 420 se
402 353 570 420 destruere
594 353 703 443 jussit,
739 362 771 420 et
800 352 878 419 dum
906 351 1038 420 tandem
1061 351 1193 443 quidam
1226 350 1332 422 adhue
1352 353 1395 424 de

99 461 249 525 exercitu
277 459 366 525 illius
387 461 525 525 transire
562 458 750 542 voluissent,
784 457 944 525 submersi
977 457 1107 526 fuerunt
1138 457 1267 527 circiter
1299 459 1398 548 quad-

97 565 255 650 ringenti.
298 549 441 652 Populus
476 585 553 630 vero
588 563 826 630 communitatis
860 563 931 653 ejus
965 573 999 632 et
1030 563 1144 632 rustici
1174 562 1216 632 ab
1250 565 1396 634 exercitu

98 668 221 734 deinde
244 667 450 755 diffugerunt,
475 677 507 735 et
528 669 584 758 qui
605 668 712 736 adhuc
743 678 990 759 permanserunt
1013 670 1213 759 superstites,
1235 667 1302 738 hos.
1315 670 1401 758 regii

101 775 296 842 occiderunt
327 783 360 841 et
382 774 538 862 quosdam
560 774 706 863 captivos
739 773 963 862 abduxerunt;
996 778 1146 866 quamvis
1179 778 1278 846 etiam
1306 780 1399 867 regio

98 881 265 947 exercitui
287 902 329 946 ex
351 879 485 946 castello
508 902 528 945 a
549 881 717 946 tormentis
732 879 982 968 magnadamna
1002 880 1093 947 illata
1107 881 1236 962 fuerint,
1269 891 1302 950 et
1323 882 1402 951 dum

96 987 185 1072 regii
209 985 252 1050 de
273 985 513 1073 expugnatione
535 985 633 1050 castri
656 984 792 1051 consilia
813 985 942 1069 inirent,
964 984 1245 1053 tum-admittente
1266 986 1342 1053 Deo
1364 995 1398 1057 et

97 1112 144 1156 ex
165 1089 423 1178 improvidentia
455 1089 622 1155 hominum
650 1090 685 1154 in
717 1087 781 1156 hoc
812 1087 945 1155 castello
975 1089 1101 1157 incensi
1136 1097 1210 1158 sunt
1241 1090 1395 1180 pulveres

97 1196 200 1282 pyrii,
224 1195 338 1260 turrim
360 1195 448 1260 illam
460 1193 628 1259 diruerunt
650 1202 683 1258 et
705 1192 873 1260 castellum
888 1191 1113 1282 incenderunt,
1134 1194 1192 1262 ubi
1213 1193 1255 1262 de
1273 1194 1393 1286 popule

98 1301 234 1365 circiter
257 1299 485 1387 quadringenti
507 1297 667 1365 combusti
690 1307 774 1366 sunt.

500 1403 678 1491 Hucusque
701 1402 742 1469 de
763 1403 864 1490 regiis
887 1401 1001 1469 literis.

188 1507 597 1575 TandemdieDominica
618 1508 714 1573 tertia
736 1507 789 1573 die
811 1515 885 1596 post
904 1506 1023 1573 festum
1038 1505 1193 1573 Omnium
1205 1505 1397 1577 Sanctorum

99 1612 246 1700 (3.Nov.)
260 1635 321 1678 rex
333 1612 558 1679 Ferdinandus
566 1611 680 1678 Budae
692 1620 724 1678 et
733 1612 848 1698 regina
869 1613 939 1701 ejus
952 1611 1147 1679 conthoralis
1163 1615 1311 1702 sequenti
1332 1613 1396 1700 die,

98 1717 132 1782 in
154 1738 269 1804 regem
290 1717 478 1803 Hung'ariae
501 1724 672 1783 coronatus
693 1716 762 1800 fuit,
786 1723 819 1781 et
839 1738 898 1805 pro
920 1716 1063 1804 perfecto
1094 1717 1224 1786 domino
1257 1728 1289 1785 et
1318 1739 1397 1806 rege

99 1820 196 1910 hujus
219 1823 314 1909 regni
335 1835 528 1910 assumptus,
552 1822 699 1910 adeoque
724 1821 869 1887 Joannes
892 1819 1075 1910 Stephanus
1106 1825 1215 1890 amisit
1235 1832 1303 1891 tum
1324 1846 1396 1912 reg·

100 1949 177 1992 num
199 1926 400 2013 Hungariae,
438 1937 507 1992 tum
529 1925 682 1992 ducatum
703 1925 963 2014 Transylvaniae
995 1949 1069 1994 cum
1096 1949 1215 2016 magno
1238 1928 1397 2017 despectu

101 2042 131 2097 et
154 2031 300 2115 levitate,
334 2040 444 2098 nostro
468 2031 597 2098 saeculo
620 2030 828 2114 inconsuetis,
866 2039 899 2096 et
920 2029 997 2097 dum
1020 2055 1063 2098 ex
1084 2055 1185 2121 regno
1208 2032 1396 2120 Hungariae

97 2136 213 2225 pulsus
235 2137 360 2222 fuisset,
382 2137 466 2224 fugit
487 2159 561 2202 cum
584 2135 779 2224 quibusdam
801 2136 868 2201 suis
890 2135 933 2202 ad
954 2158 1092 2223 regnum
1101 2137 1264 2204 Poloniae.
1289 2137 1391 2224 Sigis-

96 2241 240 2308 mundus
264 2241 349 2308 enim
371 2263 432 2308 rex
453 2241 609 2308 Poloniae
631 2242 737 2308 eidem
758 2238 900 2326 favebat,
931 2241 1008 2326 quia
1037 2241 1194 2308 antehae
1216 2241 1396 2312 discordias

96 2368 246 2413 sororem
269 2347 338 2435 ejus
371 2346 508 2414 Joannis
531 2346 731 2435 Stephani
721 2367 757 2412 m
789 2366 925 2415 uxorem
946 2345 1069 2434 habuit,
1103 2347 1249 2438 adeoque
1280 2348 1395 2417 affines

92 2451 241 2520 fuerunt.

185 2557 276 2623 Scito
299 2565 416 2641 autem,
439 2556 527 2643 quod
549 2578 661 2644 regern
682 2553 926 2624 Ferdinandum
956 2553 1053 2622 valde
1074 2486 1210 2622 multum
1232 2554 1396 2644 adjuverit

94 2663 140 2728 ad
164 2661 422 2750 expugnandum
442 2684 581 2748 regnum
602 2663 792 2751 Hungariae
815 2661 975 2728 dissensio
996 2662 1237 2748 Hungarorum,
1260 2663 1337 2749 quia
1357 2662 1396 2729 in

92 2769 148 2834 his
171 2770 258 2832 inter
281 2790 316 2832 se
339 2767 434 2834 valde
463 2766 629 2833 discordes
651 2768 795 2854 fuerant3
820 2766 951 2856 quidam
983 2767 1069 2833 enim
1090 2767 1318 2834 adhaerebant
1338 2766 1394 2835 Jo-

93 2874 177 2938 anni
201 2870 375 2959 Stephano,
408 2873 463 2959 qui
485 2871 573 2936 hunc
605 2871 648 2937 ad
682 2875 809 2961 regium
831 2872 1020 2960 Hungariae
1053 2872 1206 2939 thronum
1237 2872 1395 2963 adjuvare

92 2977 291 3062 voluerunt;
327 2977 383 3044 alii
405 2998 484 3042 vero
507 2975 728 3043 adhaerebant
759 2979 831 3065 regi
852 2977 1030 3045 Bohemiae
1051 2977 1270 3064 Ferdinando,
1289 2962 1396 3046 adeo.-

93 3104 159 3171 que
185 3081 293 3146 facilis
323 3082 386 3147 fuit
418 3103 569 3147 accessus
600 3081 643 3148 ad
677 3082 889 3149 obtinendum
920 3105 1058 3170 regnum
1091 3082 1163 3167 hoc,
1197 3082 1275 3150 dnm
1302 3083 1395 3150 illum

92 3187 196 3276 pauci
218 3187 340 3252 inimici
363 3185 611 3274 impediverunt,
648 3197 681 3252 et
703 3188 759 3273 qui
781 3187 934 3253 resistere
955 3185 1004 3252 illi
1027 3186 1197 3253 voluerunt
1229 3196 1262 3253 et
1282 3197 1395 3275 poten«.

92 3296 161 3359 tiae
186 3294 266 3381 ejus,
289 3291 324 3358 hi
345 3291 427 3356 nihil
443 3291 627 3358 effecerunt.
650 3291 717 3357 Vix
740 3292 827 3357 enim
851 3313 886 3357 se
908 3288 1083 3356 defendere
1103 3291 1304 3378 inceperunt,
1322 3291 1395 3379 jam

95 3421 133 3464 se
157 3396 300 3463 subdere
323 3396 426 3461 coacti
401 3394 588 3478 tfuerunt,
612 3405 645 3463 et
667 3419 740 3462 eum
762 3418 821 3485 pro
846 3417 904 3462 suo
926 3394 1058 3461 dommo
1070 3416 1250 3482 agnoscere
1265 3403 1299 3461 et
1320 3416 1396 3463 sus

94 3504 219 3590 cipere.
263 3501 336 3568 Hoc
358 3503 467 3588 itaque
489 3498 659 3566 bellum
634 3523 705 3568 arne
727 3500 863 3570 notabili
894 3498 1083 3590 profusione
1105 3501 1273 3590 sanguinis
1294 3499 1394 3621 mede

93 3610 163 3697 jam
190 3607 377 3696 supradicto
401 3604 610 3673 terminatum
631 3607 701 3677 fuit

635 3794 782 3864 CAPUT
806 3796 856 3865 15.

99 3961 133 4026 In
158 3981 220 4040 quo
243 3961 433 4036 describitur,
470 3961 572 4040 qualia
608 3966 679 4021 tunc
702 3958 842 4038 temporis
873 3955 1019 4018 miracula
1040 3975 1073 4016 se
1094 3959 1196 4018 multis
1217 3956 1391 4020 hominibus

100 4049 298 4112 exhibuerint.
346 4050 482 4108 Tandem
514 4049 593 4125 qnod
624 4069 680 4108 rex
702 4045 912 4108 Ferdinandus
946 4042 1127 4105 officialibus
1155 4045 1246 4124 regiis
1268 4048 1392 4108 manda·

99 4139 183 4212 verit,
207 4144 242 4195 ut
265 4137 508 4215 compositionem
531 4136 719 4197 amicabilem
742 4133 821 4193 inter
842 4133 991 4210 relegatos
1015 4139 1044 4191 et
1064 4133 1234 4210 Prugenses
1250 4133 1392 4210 efficiant,

97 4227 176 4303 quod
199 4234 301 4285 tamen
324 4226 363 4283 ad
387 4223 524 4284 effectum
557 4245 643 4285 suum
666 4242 728 4283 non
750 4221 898 4299 pervenit.
921 4221 1093 4299 Pragenses
1116 4221 1248 4281 enimin
1271 4240 1328 4282 sua
1347 4221 1392 4282 in·

96 4313 228 4375 tentione
251 4305 528 4390 perseuerauerunt.
552 4315 630 4373 Item
653 4310 800 4386 quomodo
820 4327 876 4367 rex
890 4306 923 4366 in
946 4308 994 4367 die
1015 4326 1123 4367 coenae
1145 4303 1271 4369 Domini
1294 4309 1388 4382 devo·

94 4404 211 4465 tionem
234 4419 321 4460 suam
357 4399 496 4478 religiose
529 4399 689 4480 peregerit,
725 4394 909 4474 pauperibus
931 4397 1024 4473 pedes
1047 4393 1164 4469 laverit,
1186 4395 1311 4476 ipseque
1333 4395 1389 4457 eis·

336 4487 404 4546 dem
427 4496 560 4565 tempore
581 4484 704 4567 prandii
728 4485 766 4545 sd
788 4500 922 4542 mensam
950 4481 1150 4543 inserviverit.
1359 4501 1363 4508 ·

174 4642 257 4708 Post
277 4637 337 4705 has
359 4638 538 4706 discordias
560 4640 680 4705 factum
702 4636 763 4703 fuit
784 4634 838 4701 die
859 4632 963 4721 Jovis,
977 4633 1031 4701 die
1042 4655 1160 4722 nempe
1170 4597 1387 4723 praecedente

85 4755 209 4824 fostun
220 4747 255 4820 S.
269 4747 412 4840 Crispini
423 4746 593 4839 (saoce),
603 4746 689 4838 quod
700 4743 848 4837 pluribus
858 4743 1042 4816 hominibus
1053 4743 1089 4813 in
1100 4741 1239 4920 dilpqreis
1251 4738 1331 4811 locis
1356 4743 1391 4808 st
