2946 5086
1324 140 1388 207 271

181 308 279 392 Quod
301 331 380 375 vero
416 308 498 375 alios
531 308 862 395 Vetere-Pragenses
895 307 1009 373 exules
1043 310 1218 393 concernit,
1249 312 1393 379 nomina·

91 412 152 477 tim
175 412 462 481 Bartholomaeum
486 412 638 496 scribam,
661 411 893 479 Wenceslaum
904 411 1051 496 Trubka,
1072 412 1234 480 Joannem
1246 415 1395 492 Valente,

90 515 257 584 Joannem
280 516 488 603 aurifabrum,
512 517 690 604 Georgium
713 516 754 583 de
784 515 892 582 media
927 525 1008 600 rota,
1045 515 1158 587 vitum
1180 519 1307 587 fabrum
1329 520 1396 585 cul·

91 624 242 709 trarium,
277 632 310 689 et
342 622 473 691 Gallum
509 623 551 688 ab
594 632 751 709 argentea
789 644 879 708 rosa3
919 620 1051 687 tandem
1090 622 1200 689 Vitum
1239 606 1416 717 Gipccky,

89 724 258 792 Joannem
278 725 394 815 Ziaby,
429 726 608 813 Georgium
629 724 742 792 Turek
774 735 942 809 sartorem,
973 725 1133 793 Jacobum
1164 727 1396 821 bibliopegam,

91 838 126 895 et
149 829 318 898 Simonem
340 830 467 898 fabrum
491 832 665 898 serarrium
689 831 732 897 de
753 830 864 896 Knin:
889 830 921 895 hi
956 830 1054 895 etiam
1088 832 1178 898 citati
1210 834 1341 901 fuerunt
1361 838 1396 901 in

91 935 221 1001 curiam
245 935 304 1001 sub
327 934 455 1002 initium
479 935 748 1024 quadragesimae
782 934 825 1000 ad
858 942 1007 1001 senatum
1041 944 1074 1001 et
1105 935 1395 1022 administratores,

90 1047 130 1104 ut
152 1038 351 1106 mediatores
373 1064 393 1107 a
415 1062 493 1129 rege
515 1042 716 1126 constitutos,
739 1049 771 1107 et
793 1039 834 1106 ad
857 1037 1013 1129 quosdam
1038 1040 1179 1107 seniores
1215 1051 1395 1114 communi-

90 1146 183 1210 tatis.
226 1145 270 1211 Hi
308 1168 386 1233 ergo
422 1145 618 1213 mediatores
656 1148 884 1235 suprascriptis
914 1145 1137 1233 quaestionem
1159 1162 1398 1234 proposuerunt

90 1257 130 1314 nt
151 1249 330 1334 insinuent,
363 1249 443 1337 quid
476 1259 590 1317 contra
621 1253 886 1317 communitatem
908 1251 1108 1338 Pragensem
1131 1254 1395 1338 conquerendum

90 1351 248 1438 habeant,
270 1363 303 1422 et
324 1355 366 1420 ob
389 1377 487 1444 quam
509 1378 641 1422 causam
664 1378 720 1422 eos
742 1354 784 1421 ad
806 1378 919 1443 regern
942 1357 1034 1422 citari
1064 1353 1228 1419 fecerint?
1249 1354 1395 1447 Respon-

91 1456 212 1524 derunt
233 1459 292 1545 illi,
317 1460 403 1548 quod
425 1471 559 1550 propter
580 1462 748 1527 literarum
784 1482 846 1548 per
877 1483 1016 1548 regnum
1040 1460 1228 1527 missionem
1266 1471 1298 1527 et
1331 1464 1396 1531 dis·

92 1563 306 1630 tributionem
330 1573 362 1630 ct
385 1565 433 1631 sic
455 1564 603 1648 ulterius,
628 1566 714 1632 sicut
735 1588 835 1654 supra
855 1565 943 1655 apud
965 1565 1092 1653 priores
1114 1584 1270 1653 personas
1283 1568 1396 1634 exules

92 1668 252 1755 scriptum
282 1668 353 1735 fuit.
398 1668 547 1735 Tandem
577 1670 644 1736 illis
676 1670 810 1750 dietum,
847 1671 935 1758 quod
958 1671 1055 1736 etiam
1078 1668 1102 1734 ii
1126 1672 1315 1757 gravamina
1338 1694 1397 1738 sua

93 1784 209 1838 contra
231 1771 305 1838 illos
328 1772 494 1839 insinuare
518 1773 669 1858 debeant,
705 1784 948 1862 posueruntque
981 1774 1048 1841 illis
1079 1774 1251 1841 terminum
1274 1776 1316 1842 ad
1337 1776 1397 1842 ali·

93 1884 173 1962 quot
195 1874 277 1960 dies,
302 1875 408 1942 donec
432 1877 542 1945 denuo
566 1880 657 1944 citati
681 1880 813 1945 fuerint
843 1879 933 1944 Dein
953 1880 1071 1944 iterum
1092 1878 1189 1966 paulo
1211 1890 1286 1966 post
1307 1881 1395 1945 citati

93 1979 234 2064 dierunt,
258 1979 317 2046 sed
339 1982 435 2048 simul
458 1982 500 2049 ab
523 1984 664 2051 invicem
693 1984 765 2069 jam
801 1984 942 2071 separati
976 1990 1059 2066 sunt,
1088 2003 1205 2069 nempe
1227 1982 1396 2051 Bartholo-

95 2105 210 2150 maeus
232 2084 350 2170 scriba,
373 2085 590 2153 Wenccslaus
624 2087 770 2172 Trubka,
803 2088 947 2154 Joannes
981 2086 1128 2168 Valenta,
1162 2085 1306 2152 Joannes
1342 2110 1396 2153 au·

94 2188 237 2273 rifaber,
275 2189 437 2278 Georgius
470 2191 512 2258 de
550 2192 658 2259 media
690 2201 762 2259 rota
796 2202 829 2259 ot
865 2192 979 2260 Gallus
1000 2191 1043 2257 ab
1065 2199 1220 2276 argentea
1241 2213 1334 2274 rosa,
1357 2214 1396 2258 ac

95 2294 193 2361 Vitus
215 2294 310 2361 faber
332 2294 515 2380 cultrarium
538 2299 594 2386 qui
617 2299 768 2364 stiterunt
780 2319 887 2363 coram
903 2295 1035 2379 eisdem,
1059 2303 1201 2379 utente,
1225 2295 1394 2384 quosallo·

93 2399 162 2465 cuti
184 2397 327 2483 fuerunt,
349 2399 529 2485 quemlibet
551 2402 686 2468 seorsim
710 2399 770 2466 sub
792 2401 925 2466 nomine
948 2396 1107 2488 querelae.
1141 2398 1250 2465 Primo
1273 2401 1395 2467 dietum

76 2484 157 2569 'fuit
179 2501 277 2570 Gallo
315 2502 357 2569 de
389 2527 474 2589 rosa,
505 2505 592 2592 quod
614 2504 802 2592 Litomyilii
823 2504 929 2585 fuerit,
952 2501 1008 2568 ubi
1030 2502 1146 2568 fratres
1168 2501 1326 2583 habitant,
1363 2512 1396 2569 et

92 2606 282 2674 defenderit
315 2609 517 2677 sacerdotem
539 2611 716 2677 Martinam
739 2632 782 2675 ox
803 2606 1012 2689 Bethlehem,
1047 2627 1120 2671 cum
1143 2607 1291 2674 omnibus
1309 2606 1396 2673 aliis.

90 2712 245 2781 Tandem
266 2713 516 2784 Bartholomaeo
538 2716 700 2794 dixerunt,
723 2712 809 2801 quod
831 2709 970 2780 voluerit
989 2710 1166 2779 reformare
1185 2711 1283 2777 fidem
1314 2711 1397 2778 chri-

92 2819 236 2885 stianam
259 2829 291 2885 et
323 2818 432 2886 adhue
469 2832 534 2886 n'on
571 2819 715 2887 desistat
769 2816 965 2886 Wenceslao
997 2814 1134 2882 Trubka
1167 2825 1396 2905 opposuerunt,

90 2920 188 2988 illum
211 2921 345 3007 dixisse,
369 2945 405 2990 se
426 2924 512 2992 velle
534 2926 641 3012 potuis
664 2946 778 2990 canem
813 2945 895 3007 esse,
919 2943 1014 3011 quam
1038 2919 1079 2985 de
1100 2918 1229 2986 illorum
1251 2919 1316 2986 fide
1338 2943 1397 3009 per

91 3027 220 3114 Papam
244 3028 429 3115 excogitata
451 3038 484 3095 et
505 3030 590 3095 licta.
635 3029 779 3116 Georgio
801 3050 881 3095 vcro
903 3050 924 3092 a
944 3025 1053 3093 media
1074 3035 1155 3107 rota,
1178 3046 1252 3089 eum
1275 3023 1397 3091 habere

91 3153 234 3197 uxorem
256 3134 541 3219 concionatricem,
566 3157 646 3223 quas
669 3133 843 3200 conciones
867 3131 999 3199 dicebat
1035 3132 1068 3195 in
1091 3127 1252 3212 domibus,
1288 3150 1397 3194 sacer·

91 3236 205 3303 dotem
228 3245 260 3303 et
293 3239 553 3305 concionatorem
589 3261 700 3326 agens,
724 3237 780 3304 ille
802 3260 879 3303 vero
903 3234 991 3324 quod
1013 3256 1084 3300 earn
1107 3231 1147 3297 de
1171 3230 1221 3295 his
1254 3253 1318 3296 non
1339 3230 1396 3297 ad·

91 3341 268 3407 monuerit.
292 3339 345 3406 Ad
356 3340 516 3409 Joannem
528 3342 678 3427 Valente,
698 3340 784 3430 quod
807 3350 938 3406 secutus
957 3339 1056 3404 luerit
1078 3334 1278 3402 sacerdotem
1300 3332 1398 3401 Joan-

91 3466 170 3511 ncm
201 3444 304 3512 Mirui
338 3444 482 3531 exulem,
518 3448 654 3535 ejusque
687 3443 868 3533 discipulus
905 3443 1014 3508 fuerit.
1059 3440 1111 3506 Ad
1148 3438 1308 3507 Joannem
1340 3460 1398 3504 au-

91 3548 253 3615 rifabrum
282 3572 373 3636 vero,
395 3549 482 3639 quod
504 3552 606 3616 rixari
639 3558 772 3638 propter
792 3548 890 3614 fidem
912 3546 1060 3613 voluerit.
1108 3545 1183 3610 vito
1214 3540 1307 3609 fabro
1330 3541 1396 3607 cul·

91 3653 195 3718 trario
228 3675 316 3737 vero,
350 3653 436 3743 quod
459 3654 625 3743 professus
662 3653 761 3720 fuerit
794 3651 959 3718 Ghristum
993 3650 1137 3715 essentia
1170 3670 1228 3713 sua
1262 3645 1400 3711 naturali

92 3755 176 3822 alibi
199 3778 265 3822 non
301 3779 384 3841 esse,
407 3780 504 3846 quam
526 3781 546 3823 a
568 3757 694 3823 dextris
716 3757 782 3823 Dei
803 3756 928 3842 Patris,
952 3753 1034 3819 hace
1055 3752 1225 3836 addentes,
1248 3749 1335 3841 quod
1358 3751 1399 3817 ob

92 3861 153 3927 has
178 3883 295 3927 causas
319 3862 385 3929 sint
407 3862 548 3950 suspecti
571 3863 605 3927 in
626 3861 691 3928 fide
714 3871 746 3927 et
766 3872 941 3950 propterea
963 3881 1005 3924 ex
1019 3855 1101 3923 urbe
1114 3856 1251 3944 relegati
1268 3856 1398 3922 fuerint.

94 3963 169 4046 Qua
193 3963 235 4030 de
257 3987 357 4031 causa
379 3966 407 4032 si
429 3967 464 4031 in
487 3966 624 4053 collegio
647 3988 755 4032 coram
786 3965 1047 4031 administratore
1084 3983 1271 4050 comparere
1296 3962 1401 4029 velint

95 4078 125 4135 et
146 4068 247 4135 fidem
270 4070 426 4158 profiteri,
449 4094 489 4138 ac
512 4094 585 4137 cum
608 4070 674 4136 illis
697 4071 731 4136 in
754 4070 903 4136 omnibus
927 4066 1133 4150 concordari,
1157 4064 1244 4153 quod
1268 4064 1400 4131 tandem

93 4181 267 4262 postquam
304 4173 346 4240 ab
379 4174 642 4242 administratore
675 4173 791 4240 horum
830 4174 947 4239 notitia
969 4171 1045 4238 data
1069 4170 1176 4253 fuerit,
1198 4166 1258 4234 has
1280 4166 1402 4236 discor-

93 4275 161 4344 dias
184 4277 302 4343 tollcre
337 4286 370 4345 et
391 4278 433 4345 ad
455 4279 570 4345 finorns
585 4278 765 4369 perducere
792 4276 904 4343 velint.
948 4276 1027 4342 Post
1059 4274 1140 4341 haec
1163 4273 1239 4339 dum
1262 4271 1304 4338 ad
1326 4296 1402 4361 pro-

90 4383 199 4468 posita
220 4382 421 4472 respondere
452 4383 649 4469 voluissent,
691 4393 824 4449 senatus
847 4403 958 4447 eorum
991 4401 1185 4468 responsum
1217 4378 1402 4466 interrupit,

88 4485 258 4572 dicentes,
294 4494 344 4573 ut,
379 4490 407 4553 si
439 4488 559 4574 velint,
591 4488 768 4578 propositis
807 4484 1017 4551 satisfaciant.
1060 4482 1115 4549 Illi
1147 4480 1402 4567 considerantes,

86 4591 178 4684 quod
202 4615 371 4681 nunquam
394 4596 429 4661 iu
461 4617 536 4680 uno,
559 4594 677 4661 necin
699 4593 802 4658 altero
830 4589 953 4678 culpati
974 4590 1115 4675 fuerint,
1138 4588 1268 4654 interim
1293 4597 1402 4650 tamen

79 4710 121 4771 ut
144 4720 284 4768 eausam
306 4698 439 4787 ipsimet
460 4721 526 4767 non
548 4696 738 4789 praebeant,
769 4713 829 4789 per
851 4714 946 4785 quam
970 4692 1029 4762 illa
1060 4692 1238 4761 transactio
1274 4687 1402 4758 annihi·
