2946 5086
1316 174 1388 246 lte

96 371 166 415 men
190 350 275 417 nihil
299 351 405 417 eidem
426 336 557 439 profuit.
600 347 645 414 Et
665 348 746 414 haec
768 347 1049 415 tunc'habuerunt
1079 355 1113 414 et
1134 357 1302 435 gesserunt
1329 371 1393 438 pro
1446 438 1448 443 Ι

96 455 230 521 honesto
253 457 349 523 modo
372 465 404 522 et
425 455 549 522 ordine.
591 462 593 467 '
954 530 956 535 ⁴
1046 530 1048 535 ,
1449 444 1452 449 ’

175 561 243 626 Hie
263 584 341 628 vero
364 563 399 626 ir'r
421 558 610 627 consistorio
633 566 1063 646 necaccusatorem,‚neque
1086 567 1200 627 testem
1221 560 1389 626 nominare

95 665 266 732 voluerunt
286 676 447 750 accusato,
471 664 528 731 sed
545 667 615 753 jam
637 665 683 730 ita
703 663 837 730 firmiter
858 671 1058 752 assumptum
1085 663 1160 748 'fuit
1194 664 1280 752 quod
1315 658 1403 735 com.

94 770 321 836 tradicticnem
344 794 408 837 non
430 769 637 854 admiserint3
659 791 772 836 verum
795 769 868 834 talis
889 777 926 834 ut
945 791 1020 834 reus
1042 788 1233 855 permanere
1266 768 1389 853 debuit,

96 883 127 941 et
148 896 259 962 agere,
282 897 365 961 quae
387 874 435 940 illi
457 874 637 955 voluerunt,
657 875 731 940 sine
752 875 839 939 omni
861 872 970 940 debita
997 873 1213 940 exauditione.
1256 873 1301 938 Et
1334 872 1391 938 ubi

95 980 336 1046 consistoriales
358 981 518 1045 instruere
538 981 574 1045 in'
594 978 659 1044 lide
681 978 828 1044 homines
861 976 1060 1062 debuissent,
1094 987 1127 1044 et
1153 980 1189 1044 in
1210 979 1299 1043 viam
1330 977 1393 1043 bc.-

94 1108 169 1150 nam
202 1084 366 1166 reducere,
395 1086 454 1172 qui
485 1107 563 1150 vere
585 1092 763 1169 errassent3
797 1085 925 1150 interim
959 1083 1158 1174 quaerebant
1183 1105 1226 1150 ex
1247 1084 1311 1151 illis
1344 1107 1393 1161 ea,

96 1212 179 1277 quae
201 1189 237 1255 in
260 1187 516 1256 confessionibus
538 1189 658 1255 rescire
683 1211 748 1254 non
769 1196 962 1277 potnerunt3
985 1212 1027 1256 en
1048 1211 1167 1278 nempe
1200 1188 1317 1276 aliquis
1340 1210 1393 1256 eos
1450 1234 1454 1238 -

96 1318 166 1360 rum
191 1295 282 1378 sciat,
306 1293 391 1382 quod
412 1294 485 1379 quis
507 1292 645 1379 voluerit
666 1294 856 1380 magistrum
878 1293 1021 1377 Passsk,
1054 1294 1151 1381 Zyka
1183 1291 1393 1362 etadminis·

97 1408 251 1464 tratorem
274 1397 433 1484 occidere,
458 1408 490 1464 et
519 1399 657 1465 fueritne
691 1399 859 1483 cumillis,
892 1399 948 1465 ille
970 1408 1025 1465 aut
1046 1400 1138 1476 alius,
1171 1396 1224 1475 hio
1262 1399 1317 1467 vel
1346 1400 1394 1466 ibi

97 1514 127 1568 et
150 1506 198 1569 sic
220 1503 353 1569 ulterius
376 1504 417 1569 de
438 1503 511 1569 aliis
533 1503 653 1572 multis.
698 1498 828 1593 Siquis
850 1511 958 1570 autem
978 1503 1081 1571 voluit
1095 1504 1137 1569 de
1151 1506 1284 1573 notione
1307 1506 1393 1595 legis

98 1608 231 1673 divinae
253 1607 412 1695 quaedam
442 1608 622 1675 discurrere
654 1597 710 1679 aut
736 1607 943 1697 respondere,
965 1607 1057 1673 illum
1083 1606 1192 1680 verbis
1226 1633 1393 1701 represse-

98 1722 183 1797 runt,
207 1711 360 1790 dicentes,
373 1721 418 1777 'ut
438 1713 497 1779 has
520 1715 742 1780 contentiones
765 1713 936 1800 relinquat,
959 1713 1046 1801 quod
1066 1713 1115 1780 illi
1141 1739 1200 1806 pro
1222 1716 1285 1783 hoc
1313 1726 1392 1786 tem·

97 1839 174 1905 pore
214 1818 255 1884 de
275 1818 349 1904 lege
372 1817 436 1885 Dei
458 1818 541 1884 nihil
554 1817 744 1905 loquantur,
767 1817 826 1883 sed
847 1828 883 1884 ut
910 1819 967 1885 ille
998 1821 1156 1909 loquatur,
1190 1847 1273 1914 quae
1309 1827 1419 1915 ipsisx
1464 1810 1468 1816 ’

98 1926 239 2014 placent
281 1924 444 1992 Professio
481 1923 567 2005 fidei,
600 1923 768 1989 instructio
813 1934 845 1988 et
874 1923 909 1987 in
931 1923 1078 2001 ecclesiis
1110 1931 1283 2014 revocatio,
1307 1952 1391 2018 quae

98 2031 313 2118 contigerunt.
293 2027 482 2094 tODeus
515 2027 736 2095 miserere!O
758 2027 851 2093 Deus
873 2029 1049 2096 misererel
1073 2031 1116 2097 sd
1145 2032 1392 2104 admirationem

98 2146 169 2223 part
170 2136 226 2219 im,
249 2133 455 2256 partimad
429 2155 529 2198 nsum
540 2141 696 2220 vergunt
710 2154 786 2198 nam
796 2130 878 2199 sllud
890 2140 968 2200 tunc
978 2137 1099 2201 factum
1107 2137 1177 2220 fuit,
1199 2136 1277 2204 dum
1287 2160 1393 2205 sacer

97 2241 152 2304 dos
167 2238 300 2328 quidam
312 2259 446 2303 mrssam
457 2235 659 2302 absolvrsset
675 2236 748 2302 Hoc
759 2244 903 2326 tempore
914 2262 1074 2328 personae
1086 2241 1161 2308 illae
1172 2241 1214 2309 ad
1222 2245 1284 2310 hoc
1292 2243 1392 2310 dest1

98 2355 192 2410 natae
204 2343 371 2410 flectentes
382 2341 424 2407 ad
433 2342 534 2408 altare
544 2341 639 2424 rllud
652 2334 833 2408 debueumt
861 2365 969 2409 coram
989 2355 1054 2412 tote
1073 2348 1192 2436 populo
1213 2348 1389 2415 sacerdotis

97 2449 202 2515 verba
208 2457 364 2535 repetere,
378 2469 460 2535 quae
481 2432 545 2513 illis
568 2447 719 2533 imposita
740 2446 869 2512 filerunt
856 2456 1137 2531 t,ocntemnentes
1149 2454 1394 2520 concionatores

97 2553 176 2636 illos,
193 2575 249 2639 qur
239 2552 454 2618 antecedent
441 2561 490 2616 ter
507 2551 631 2637 relegat
618 2550 789 2626 tifucrunt,
803 2497 888 2638 quod
901 2575 956 2618 eos
974 2552 1107 2620 devera
1129 2555 1194 2621 fide
1217 2557 1392 2622 christiana

97 2658 129 2720 in
158 2679 286 2722 errores
323 2656 520 2738 seduxerint,
545 2665 576 2720 et
611 2655 676 2720 alia
697 2655 808 2738 multa,
831 2654 888 2722 ubi
926 2656 1055 2744 quidam
1078 2658 1121 2723 ad
1143 2659 1205 2725 hoc
1227 2661 1390 2749 agendum

97 2763 200 2827 coacti
236 2761 380 2845 fuerunt,
415 2761 604 2827 nominatim
639 2758 767 2852 quidem
806 2759 1018 2828 Wenceslaus
1055 2762 1209 2830 Poduska
1244 2765 1393 2855 proprios

97 2891 170 2933 suos
193 2866 288 2950 filios,
311 2867 366 2953 qui
383 2866 453 2953 jam
477 2888 494 2930 e
519 2866 584 2932 vita
604 2863 822 2950 decesserant,
845 2866 895 2931 his
917 2867 1027 2934 verbis
1040 2879 1246 2935 contemnere
1268 2868 1392 2954 debuit,

97 2970 182 3059 quod
205 2972 303 3036 etiam
322 2969 475 3057 populum
487 2967 684 3033 seduxerint.
718 2968 814 3034 Multi
835 2979 943 3036 autem
964 2992 1029 3037 non
1051 2973 1146 3040 aliter
1170 2974 1212 3040 ad
1244 2973 1317 3040 illos
1341 2997 1392 3041 sa·

96 3077 243 3142 cerdotes
279 3073 531 3140 contemnendos
553 3075 691 3154 iverunt,
715 3072 806 3159 quasi
828 3074 871 3138 ad
906 3074 1154 3143 decollationem
1177 3079 1392 3165 ducerentur3

96 3181 239 3267 quidam,
262 3179 320 3244 sed
342 3180 437 3267 pauci
457 3178 539 3244 haec
559 3176 685 3242 lacere
702 3175 915 3262 recusabant3
952 3182 1008 3267 qui
1035 3204 1113 3248 vero
1148 3191 1391 3266 consenserunt,

97 3295 232 3372 egerunt
253 3283 308 3366 ita,
331 3292 427 3370 prout
447 3281 513 3349 illis
535 3280 817 3361 mandatumfuit.
840 3280 923 3346 Tum
946 3285 1390 3370 primoadministratorcum

96 3389 286 3455 consistorio
322 3387 389 3457 illis
422 3384 571 3453 omnibus
594 3384 715 3451 dabant
736 3383 847 3452 literas
869 3388 1155 3454 testimomoniales
1189 3390 1249 3457 sub
1282 3390 1391 3478 sigillo

97 3491 321 3573 consistoriali,
342 3490 638 3578 recognoscentes,
660 3488 733 3555 illos
770 3511 841 3556 esse
862 3489 964 3556 bonos
986 3501 1019 3558 et
1050 3492 1163 3558 fideles
1197 3494 1394 3561 christianos

96 3597 274 3665 secundum
305 3619 416 3663 veram
439 3604 583 3662 sanctam
605 3602 740 3661 matrem
773 3593 955 3677 ecclesiam,
983 3604 1080 3684 atque
1110 3597 1163 3663 hic
1185 3620 1257 3663 esse
1279 3596 1402 3665 debut.

97 3704 223 3769 culmen
239 3702 335 3789 juris.
381 3700 446 3768 Sed
468 3700 574 3765 adhuc
596 3700 659 3766 hoc
681 3700 715 3765 in
753 3721 908 3787 suspenso
948 3700 1019 3784 tuit,
1052 3713 1148 3789 prout
1180 3702 1313 3768 ulterius
1335 3725 1390 3769 an·

96 3806 211 3874 dictur.
257 3806 340 3873 Cum
374 3804 425 3869 his
447 3804 549 3869 literis
571 3803 702 3869 tandem
725 3803 847 3869 curiam
879 3804 1016 3872 intrare=
1034 3804 1224 3891 debuerunt,
1248 3815 1281 3873 et
1302 3807 1390 3895 apud

96 3924 242 3982 senatum
278 3913 352 3979 illos
388 3911 552 3978 exhibere.
606 3910 741 3977 Talibus
763 3912 843 3978 visis
865 3912 978 3994 literis,
1001 3911 1183 3997 Pragenses
1206 3933 1305 3976 manu
1334 3911 1390 3977 sti·

95 4020 207 4108 pulata
239 4016 416 4106 quemlibet
447 4017 582 4082 seorsim
619 4037 678 4103 pro
701 4016 773 4082 cive
795 4015 838 4080 de
858 4039 944 4083 novo
973 4023 1228 4102 assumpserunt,
1250 4013 1387 4080 adstrin-

95 4135 172 4210 gent
174 4147 209 4189 es
160 4123 295 4189 tsibi
316 4122 422 4188 illos
412 4145 448 4189 ιιι
469 4121 601 4208 obligat
593 4142 710 4203 sonem,
733 4128 769 4185 ut
789 4120 942 4187 articulos
965 4142 1067 4187 novos
1103 4140 1301 4201 communes,
1319 4118 1390 4207 jam
1437 4180 1441 4185 .

95 4238 190 4294 antea
212 4227 358 4316 scriptos
381 4234 530 4291 tueantur
553 4234 586 4290 et
607 4223 791 4289 defendant.
834 4225 952 4291 Postea
975 4226 1084 4292 statim
1111 4223 1239 4311 aliquos
1261 4223 1302 4290 de
1324 4223 1391 4291 illis

94 4333 222 4400 Passek
244 4332 286 4397 de
309 4331 403 4399 Wrat
424 4330 582 4397 allocutus
604 4312 673 4412 f'uit,
697 4328 830 4395 dicens:
854 4328 1025 4416 quodraro
1048 4327 1289 4396 carebiscccta
1302 4326 1390 4395 bona

94 4461 166 4504 esse
178 4435 290 4519 soleat,
304 4436 387 4501 sicut
397 4457 521 4500 am1cus
527 4434 579 4499 b1s
590 4431 826 4515 reconciliatus,
839 4431 982 4499 addens.
996 4457 1069 4499 cum
1082 4433 1171 4521 prius
1179 4432 1235 4518 jus
1249 4441 1282 4497 et
1291 4431 1391 4500 fidem

93 4551 236 4610 vestram
269 4539 486 4629 perdideritis,
522 4538 712 4604 recedentes
747 4535 853 4602 alide
875 4544 988 4602 contra
1008 4538 1127 4621 Deum,
1157 4559 1231 4602 cum
1253 4534 1391 4603 difficul-

91 4655 160 4713 tate
184 4667 305 4732 magna
326 4642 511 4712 hominibus
532 4643 631 4709 fidem
654 4640 835 4709 servabitis.
880 4640 987 4722 Quem
1009 4663 1086 4730 ergo
1108 4640 1154 4708 ita
1167 4649 1392 4730 susceperrmt,

91 4751 176 4819 felix
196 4749 270 4835 luit,
292 4759 323 4819 et
346 4749 423 4818 huic
444 4747 575 4819 tandem
596 4748 702 4839 primo
738 4746 991 4836 negotiadcnem
1013 4769 1115 4835 suom,
1136 4754 1193 4816 aut
1224 4745 1389 4836 opificium
