2946 5086
1321 139 1397 213 ‘m

85 311 211 379 denuo
233 310 457 400 repetiverant
479 298 680 400 gravamine,
703 302 791 403 quae
803 315 964 382 sustinere
986 303 1176 392 debuerant,
1206 321 1240 381 et
1258 335 1342 403 quae
1362 315 1399 381 in

91 417 179 484 illos
215 415 436 501 devolverent,
470 438 590 506 nempe
623 417 664 485 de
701 418 803 485 literis
824 442 885 508 per
904 440 1043 506 regnum
1066 417 1185 501 missis,
1208 416 1250 482 de
1271 418 1396 505 relega·

92 523 204 604 tione,
236 520 278 585 de
311 522 577 605 incarceratione,
612 521 654 589 de
676 523 813 608 damnis,
837 523 879 591 ob
901 546 968 590 non
1000 521 1231 587 admissionem
1254 523 1289 586 in
1310 521 1397 589 bona

92 635 130 693 et
168 625 284 691 domos
318 648 403 710 suas,
437 626 623 714 perpessis3
657 627 720 695 hoc
750 628 855 695 solum
887 635 1034 717 petentes
1069 648 1143 711 cum
1164 625 1395 693 antecedenter

92 732 148 797 eis
181 730 309 795 nullum
342 729 453 795 datum
486 730 585 796 fuerit
616 724 836 820 responsum,
855 743 892 798 ut
923 733 1039 799 saltem
1067 739 1214 818 tempore
1236 729 1393 798 moderno

93 833 206 930 detur,
227 835 404 922 praecipue
427 832 468 899 de
490 834 656 901 literarum
677 859 738 925 per
759 859 897 924 regnum
910 838 1075 920 missione,
1099 843 1132 901 et
1153 835 1284 923 scripto,
1308 834 1395 924 quod

92 938 252 1005 occidere
273 938 398 1003 incolas
420 937 629 1023 intenderint,
651 948 689 1004 ut
709 940 894 1007 notificetur
916 939 1077 1024 omnibus,
1099 961 1142 1004 an
1158 937 1240 1004 tales
1256 939 1322 1005 sint
1341 947 1398 1007 aut

92 1056 166 1110 non
189 1042 263 1125 sint,
287 1044 564 1131 praesertimcum
586 1042 772 1111 sacerdotes
794 1045 829 1110 in
852 1044 1000 1111 ecclesiis
1017 1053 1049 1110 et
1070 1043 1291 1127 concionibus,
1315 1045 1395 1110 item

96 1147 154 1213 alii
178 1146 221 1212 de
242 1146 339 1234 plebe
361 1169 381 1211 a
402 1147 489 1212 clero
511 1147 593 1213 haec
612 1146 781 1214 audientes
798 1149 937 1237 publice,
959 1170 1151 1237 quoeunque
1166 1161 1394 1239 pervenerunt,

96 1260 133 1319 et
165 1253 203 1318 in
236 1253 464 1318 communitate
495 1252 591 1341 hujus
623 1253 762 1320 civitatis
793 1253 875 1320 haec
904 1255 1004 1321 locuti
1025 1254 1154 1338 suerint,
1188 1276 1227 1321 ac
1249 1254 1393 1345 deipsis

99 1358 172 1423 sine
195 1358 284 1423 omni
307 1357 499 1444 exceptione
521 1378 577 1423 eos
601 1355 683 1422 tales
706 1378 789 1440 esse,
818 1357 1061 1442 affirmaverint,
1082 1356 1221 1447 ideoque
1246 1357 1396 1425 lubentes

101 1484 299 1551 responsum
320 1483 419 1548 super
438 1460 512 1526 illas
536 1461 754 1549 querimonias
777 1460 936 1543 audirent,
960 1483 1042 1550 quae
1056 1484 1261 1551 nequaquam
1283 1461 1394 1530 debite

102 1565 282 1656 praeterire
303 1564 439 1652 possint,
475 1572 575 1653 utque
607 1564 690 1630 haec
705 1565 804 1654 juxta
825 1565 936 1631 literas
957 1567 992 1630 in
1014 1587 1120 1652 regno
1138 1567 1329 1633 distributas
1351 1567 1393 1634 dc

104 1670 171 1736 illis
193 1670 357 1736 affirment
378 1676 433 1733 aut
454 1676 628 1754 revocent,
652 1691 725 1735 cum
748 1671 835 1735 enim
856 1691 987 1754 uxores,
1009 1669 1127 1758 proles,
1149 1670 1296 1760 aliosque
1317 1673 1396 1738 ami·

106 1797 162 1841 cos
184 1773 339 1862 habeant,
362 1794 405 1838 ne
426 1771 509 1838 haec
530 1772 596 1838 illie
618 1781 765 1862 tempore
795 1774 902 1839 futuro
924 1775 960 1838 in
993 1775 1228 1863 praejudicium
1250 1784 1398 1863 vergant.

103 1870 183 1946 Post
218 1878 380 1968 quendam
402 1899 524 1944 moram
548 1876 659 1942 datum
680 1877 746 1943 illis
768 1877 830 1944 fuit
850 1899 1054 1966 responsum,
1085 1879 1172 1969 quod
1200 1879 1263 1946 hae
1284 1880 1398 1948 literae

103 1987 179 2052 illos
211 2006 278 2050 non
312 1990 519 2066 concernunt,
553 2004 616 2073 nec
648 1981 690 2048 de
722 1982 788 2048 illis
811 1984 952 2071 scriptae
976 1985 1050 2067 sint,
1087 1983 1146 2049 sed
1169 1984 1211 2051 de
1232 1985 1316 2069 aliis,
1340 1986 1396 2072 qui

98 2090 183 2157 tales
198 2097 282 2155 sunt.
314 2087 459 2153 Ulterius
481 2086 651 2152 dixerunt:
677 2085 780 2169 ,Oum
802 2089 901 2174 igitur
921 2110 981 2155 vos
997 2111 1055 2176 pro
1071 2089 1189 2155 talibus
1211 2112 1278 2156 non
1300 2111 1395 2176 gera·

97 2217 186 2278 mus,
222 2194 320 2258 etiam
353 2191 448 2258 nobis
470 2191 609 2270 videtur,
640 2191 727 2280 quod
749 2191 800 2257 his
824 2193 968 2258 contenti
991 2214 1065 2258 csse
1085 2194 1229 2281 possitis,
1266 2193 1396 2282 quando

99 2324 175 2384 vos,
200 2299 285 2364 sicut
306 2299 405 2386 prius,
428 2318 489 2384 pro
511 2297 741 2362 innocentibus
764 2297 1025 2382 aestimabimus3
1057 2299 1104 2362 sic
1135 2299 1223 2363 enim
1253 2321 1312 2364 vos
1334 2320 1395 2386 pro

96 2404 224 2472 talibus
257 2400 462 2485 haberemus,
494 2399 594 2467 talem
626 2401 876 2467 conventionem
910 2401 1115 2468 amicabilem
1136 2401 1308 2468 vobiscum
1330 2425 1396 2469 non

96 2511 274 2590 iniremus,
296 2505 499 2592 quaeomnia
521 2505 743 2571 communitati
754 2505 1021 2575 notificabimus.“
1053 2504 1303 2594 Responderunt
1315 2506 1397 2573 rele-

97 2615 193 2702 gati:
231 2611 314 2678 Oum
335 2611 435 2697 igitur
470 2608 648 2694 audiamus,
683 2609 769 2699 quod
791 2634 849 2677 nos
873 2611 985 2677 literae
1018 2610 1080 2676 hae
1103 2632 1168 2676 non
1191 2619 1397 2687 concernant,

98 2721 204 2788 etiam
233 2716 318 2782 hanc
333 2716 554 2804 provisionem
569 2722 602 2780 et
624 2715 878 2783 satisfactionem
901 2725 992 2802 grate
1015 2716 1240 2804 suscipimus.“
1271 2713 1394 2780 Media-

95 2835 192 2892 tores
213 2821 295 2887 haec
317 2819 497 2904 audientes,
533 2829 780 2908 praeceperunt,
814 2830 851 2886 ut
879 2823 913 2887 in
945 2821 1074 2907 signum
1102 2820 1198 2909 hujus
1221 2820 1396 2903 amicitiae,

97 2925 330 2997 conventionis
361 2932 393 2991 et
423 2923 617 2990 concordiae
646 2947 761 2990 manus
782 2928 952 3014 porrigant
979 2925 1104 2992 consuli
1133 2925 1230 2992 totius
1255 2946 1397 2990 commu·

97 3033 216 3100 nitatis
238 3031 344 3096 vicem
377 3029 512 3114 gerenti,
545 3027 677 3094 tandem
707 3031 892 3099 senioribus
915 3032 1166 3116 communitatis,
1189 3030 1275 3120 quod
1297 3029 1395 3096 etiam

79 3140 262 3219 iecerunt,
284 3132 471 3221 incipiendo
493 3156 514 3198 a
536 3134 641 3221 primo
664 3155 767 3222 nsque
790 3136 833 3201 ad
855 3136 1013 3206 ultimum.

188 3240 253 3305 Hic
285 3241 403 3304 iterum
436 3261 495 3326 pro
526 3239 634 3304 futuro
665 3248 777 3304 notum
810 3241 864 3317 sit,
891 3241 976 3328 quod
997 3262 1062 3308 non
1086 3238 1190 3307 solum
1212 3247 1288 3304 ante
1309 3236 1395 3303 hanc

100 3346 276 3428 actionem,
304 3340 362 3408 sed
386 3345 481 3408 etiam
505 3351 620 3432 postea
640 3365 806 3431 nunquam
820 3348 982 3411 veraciter
1009 3344 1262 3411 demonstratum
1286 3341 1392 3423 fuerit,

97 3459 138 3518 ut
160 3449 279 3535 aliquis
317 3447 359 3513 de
390 3447 497 3535 plebe,
531 3449 733 3537 quiscunque
759 3446 891 3513 demum
925 3450 960 3514 in
981 3448 1154 3515 homicidio
1178 3446 1318 3536 quodam
1340 3443 1395 3509 de·

104 3553 290 3643 prehensus
322 3552 428 3636 fuerit,
464 3561 497 3616 et
528 3551 606 3618 licet
632 3552 764 3618 tandem
796 3553 948 3641 privatim
972 3553 1105 3641 quidam
1138 3575 1202 3619 non
1225 3551 1266 3616 de
1288 3547 1395 3639 plebe,

105 3658 168 3726 sed
187 3657 228 3723 de
250 3654 496 3723 notabilioribus
519 3665 551 3725 et
573 3656 793 3745 superioribus
813 3657 965 3742 dixerint,
990 3657 1077 3746 quod
1099 3658 1162 3724 hae
1184 3656 1300 3724 literae
1320 3677 1399 3721 vere

107 3774 141 3830 et
158 3765 248 3852 juste
270 3784 329 3849 per
350 3783 487 3848 regnum
508 3760 628 3827 missae
649 3761 779 3846 fuerint,
801 3761 859 3828 sed
874 3761 960 3850 quod
975 3762 1058 3828 haec
1080 3762 1167 3830 dicta
1189 3768 1397 3843 concernant,

104 3877 137 3934 et
157 3868 221 3933 hae
250 3866 364 3934 literae
394 3874 518 3932 tentum
550 3865 635 3950 illos,
667 3868 723 3955 qui
745 3889 781 3933 se
803 3867 892 3955 ipsos
914 3888 935 3932 a
955 3865 1020 3932 fide
1041 3889 1120 3933 vera
1142 3875 1342 3956 separarunt,
1366 3873 1399 3930 et

103 3996 140 4039 se
161 3971 207 4059 ad
227 3972 407 4038 haereticos
431 3980 463 4037 et
484 3972 654 4038 Pilbortoa
677 3980 915 4056 converterunt,
950 3980 982 4039 et
1003 3971 1091 4059 apud
1112 3971 1186 4038 illos
1207 3991 1397 4061 permanse-

101 4087 188 4160 runt,
211 4079 402 4143 nominatim
424 4098 502 4144 vero
524 4076 584 4159 illi,
607 4078 663 4166 qui
686 4080 835 4167 sequenti
857 4077 965 4165 capite
986 4084 1205 4143 recensentur.

187 4182 255 4248 Hic
275 4182 392 4248 iterum
414 4180 592 4247 notandum
612 4191 671 4260 est,
694 4182 780 4270 quod
791 4184 862 4272 Jam
877 4182 1086 4264 nesciverint,
1110 4202 1207 4268 quem
1229 4179 1270 4245 de
1292 4179 1397 4246 homi-

103 4288 192 4357 cidio
216 4285 356 4375 quodam
371 4285 537 4374 inculpare
560 4284 719 4364 debeant3
744 4309 817 4352 cum
839 4288 938 4374 igitur
959 4287 1168 4369 nesciverint,
1201 4304 1298 4373 quem
1318 4304 1397 4349 vere

100 4394 274 4460 nominare
296 4389 493 4457 homicidam
515 4399 656 4479 possent,
680 4413 807 4481 semper
821 4392 908 4458 hunc
929 4400 1037 4459 actum
1059 4390 1179 4457 malurn
1202 4388 1341 4464 differre,
1364 4396 1397 4452 et

101 4499 242 4566 ulterius
276 4517 457 4584 propagare
479 4496 670 4581 debuerunt,
705 4519 800 4586 quem
829 4507 939 4564 tamen
971 4495 1088 4564 nullibi
1112 4498 1203 4586 juste
1232 4492 1397 4582 applicare

98 4609 263 4693 poterant,
298 4622 429 4669 caueam
450 4599 629 4667 tribuentes
651 4600 713 4684 his,
736 4601 822 4689 quod
843 4603 879 4668 in
899 4601 964 4668 fide
986 4601 1116 4668 abillis
1138 4598 1270 4688 quidam
1291 4618 1397 4663 reces-

99 4711 216 4779 serint.
257 4704 331 4774 Hoc
352 4705 469 4774 iterum
490 4705 559 4774 risu
581 4704 716 4794 dignum
745 4714 804 4792 est,
835 4706 921 4795 quod
953 4729 1071 4796 nempe
1093 4714 1158 4774 tres
1182 4711 1238 4773 aut
1259 4711 1395 4792 quatuor
