2946 5086
100 106 164 175 152

98 285 155 372 qui
176 298 293 367 corpus
315 276 477 356 occidunt,
499 277 627 343 animae
641 297 852 343 veronocers
867 295 933 342 non
955 286 1100 365 possunt.
1145 274 1222 345 Scio
1246 277 1391 366 equidem·

93 391 190 478 juxta
211 382 431 450 testimonium
454 379 586 465 Christi,
608 380 695 447 viam
718 400 790 445 esse
812 388 982 466 angustam
1006 388 1038 445 et
1060 389 1187 468 portam
1205 388 1341 471 parvam
1356 384 1388 453 in

99 512 236 578 regnum
258 485 398 552 coeleste
420 494 452 551 et
473 487 574 551 vitam
596 494 769 550 aeternam.
793 483 868 550 Hoc
889 484 923 550 in
946 482 1066 550 mundo
1088 485 1172 551 nihil
1193 486 1285 552 aliud
1306 489 1389 554 inve·

97 597 194 678 nitur,
216 594 282 658 nisi
303 591 406 672 fletus,
436 590 584 678 ejulatus,
608 599 820 678 contemptus,
843 589 1098 674 maledictiones,
1121 591 1300 677 irrisiones,
1324 616 1387 660 car·

98 721 199 782 ceres,
222 696 457 783 flagellationes
491 704 523 760 et
544 696 627 762 varii
657 695 787 782 generis
818 696 997 762 occisiones
1020 695 1203 762 horrendae
1225 720 1286 784 pro
1307 701 1390 766 veri·

96 814 162 870 tate
182 804 259 887 Dei,
282 825 341 890 pro
362 805 494 870 nomine
517 809 549 868 et
570 801 755 867 testimonio
776 800 857 866 Jesu
868 798 991 866 Christi
1012 800 1148 865 Domini
1170 803 1276 868 nostri
1299 805 1387 872 suffe·

95 907 232 992 rendae,
270 917 304 974 et
336 931 409 976 oum
443 907 562 974 similia
583 904 670 972 mala
691 907 726 971 in
747 905 920 994 principali
943 907 1051 996 capite
1071 906 1226 986 Domino,
1263 931 1339 996 rege
1360 919 1389 976 et

95 1012 162 1079 filio
184 1013 249 1079 Dei
272 1015 351 1090 vivi,
375 1021 408 1079 et
427 1015 462 1079 in
487 1011 599 1078 electis
622 1012 718 1077 totius
741 1011 853 1076 mundi
869 1011 939 1095 ejus
954 1011 1109 1099 apostolis
1131 1021 1165 1079 et
1180 1012 1256 1078 ahie
1272 1016 1387 1081 sanctis

99 1117 276 1184 secundum
299 1119 516 1184 testimonium
538 1117 664 1205 antiqui
676 1125 708 1182 et
718 1119 797 1183 novi
818 1116 1002 1195 testamenti
1023 1114 1109 1182 faeta
1129 1117 1272 1203 fuerint3
1295 1141 1388 1207 quare

65 1290 67 1294 ,
101 1224 198 1288 etiam
209 1222 242 1287 in
265 1245 317 1288 me
329 1231 500 1311 peccatore
523 1221 682 1309 quaedam
705 1220 824 1287 similia
838 1220 1011 1309 adimpleri
1031 1243 1097 1286 non
1120 1221 1281 1289 deberent
1298 1225 1388 1312 juxta

98 1327 164 1393 Dei
186 1326 395 1412 voluntatem,
418 1327 452 1392 hi
465 1348 542 1394 vero
566 1346 678 1392 omnes
700 1326 734 1390 in
749 1323 824 1400 fide,
848 1347 906 1412 spe
931 1334 964 1390 et
975 1325 1131 1391 charitate
1142 1326 1281 1393 Domini
1293 1329 1387 1394 nostri

93 1435 173 1501 Jesu
197 1428 320 1498 Christi
337 1439 573 1521 pugnaverunt,
595 1428 885 1517 triumphaverunt,
920 1452 977 1495 ora
998 1429 1128 1496 leonum
1151 1429 1386 1519 obstruxerunt,

93 1543 205 1625 ignem
227 1536 404 1602 ferocitatis
428 1537 646 1610 extinxerunt,
669 1534 772 1598 aciem
796 1534 882 1599 ensis
905 1533 1144 1602 destruxerunt.
1237 1542 1240 1547 '

176 1642 248 1729 Ego
271 1650 379 1707 autem
400 1649 553 1728 peccator
572 1637 730 1724 indignus
752 1636 794 1703 ab
817 1636 967 1703 omnibus
996 1638 1149 1705 fidelibus
1167 1640 1385 1710 'confratribus

93 1746 128 1811 in
148 1744 221 1813 Deo
245 1745 442 1811 charissimis
464 1744 526 1810 hoo
547 1744 678 1811 unicum
701 1750 775 1830 peto
807 1750 839 1807 et
859 1764 950 1829 rogo,
980 1751 1016 1808 ut
1036 1766 1095 1831 pro
1117 1766 1171 1810 me
1207 1754 1241 1811 et
1264 1769 1384 1814 mecum

94 1857 196 1932 orent,
219 1857 251 1914 et
272 1850 426 1915 invocent
446 1847 555 1913 Deum
589 1847 849 1934 omnipotentem,
881 1855 918 1912 ut
946 1870 1036 1914 suam
1071 1857 1219 1933 sanatam
1252 1853 1384 1938 gratiam

92 1954 127 2018 in
150 1975 212 2032 me,
236 1961 269 2018 et
280 1975 408 2018 omnem
418 1953 619 2019 voluntatem
640 1973 729 2016 suam
753 1951 813 2015 sibi
838 1960 962 2038 gratam
985 1951 1172 2041 adimpleat,
1198 1954 1284 2021 sicut
1307 1958 1382 2045 ejus-

91 2057 166 2123 dem
200 2058 323 2144 gratiae
356 2057 507 2134 libuerit,
538 2059 602 2121 sint
636 2057 733 2122 etiam
764 2046 934 2122 diuturnae
964 2079 1081 2142 graves
1105 2059 1382 2143 incarcerationes,

91 2163 188 2228 etiam
211 2162 379 2249 usquead
412 2163 518 2250 ipsam
547 2170 682 2227 mortem
717 2160 901 2246 durabiles,
934 2161 1069 2228 ulterius
1092 2162 1179 2243 enim
1202 2164 1382 2253 prolongari

89 2289 156 2332 non
178 2274 324 2353 possunt.
366 2266 439 2331 Etsi
462 2289 687 2355 quamcunque
709 2275 846 2331 mortem
862 2264 971 2333 subire
982 2265 1147 2352 deberem,
1169 2268 1205 2334 id
1217 2267 1333 2336 lubens
1347 2269 1380 2336 de
1399 2342 1403 2351 ,

91 2370 241 2436 manibus
264 2369 392 2453 divinis,
427 2380 462 2436 ut
484 2371 605 2436 donum
628 2372 698 2459 ejus
720 2372 843 2459 gratiae
867 2374 1077 2461 susciperem,
1103 2372 1288 2441 dummodo
1310 2372 1392 2441 illud*

91 2475 148 2543 fiat
168 2497 227 2563 pro
249 2477 388 2541 veritate
422 2484 454 2540 et
481 2476 666 2541 testimonio
688 2475 824 2540 Domini
846 2478 950 2542 nostri
970 2477 1050 2543 Jesu
1074 2474 1209 2543 Christi.
1252 2478 1291 2546 Si
1312 2501 1378 2545 vero

92 2579 239 2669 ejusdem
261 2581 366 2667 gratia
389 2589 501 2646 sancta
534 2587 735 2666 agnosceret,
753 2568 818 2644 'me
840 2580 946 2647 adhuo
969 2605 1041 2648 esse
1062 2583 1217 2651 idoneum
1239 2587 1283 2653 ad
1304 2587 1378 2653 veri·

90 2693 189 2750 tatem
213 2687 283 2772 ejus
305 2682 550 2772 propagandam
574 2683 670 2748 etad
692 2683 837 2750 fidelium
861 2694 893 2750 et
908 2685 1053 2773 ejusdcm
1077 2688 1236 2755 ecclesiae
1260 2676 1378 2757 sanctae

89 2788 269 2876 profectum
291 2787 538 2876 procurandum,
571 2788 722 2874 dignetur
744 2810 796 2854 me
810 2811 850 2855 ex
867 2789 918 2855 his
935 2792 1120 2859 carceribus
1142 2792 1287 2882 benigne
1308 2794 1377 2861 libe·

89 2893 165 2957 rari.
191 2890 283 2956 Haeo
306 2913 382 2958 vero
405 2893 513 2957 omnia
535 2892 614 2957 fiant
636 2893 678 2958 ad
698 2892 828 2958 laudem
851 2902 883 2960 et
903 2892 1058 2963 honorem
1081 2897 1147 2964 Dei
1162 2900 1379 2993 omnipotentis

89 2999 267 3066 secundum
291 3000 383 3066 illum
413 3001 591 3089 prophetae
614 3011 755 3068 textum:
788 3003 861 3068 Non
891 3002 985 3069 nobis
1008 3003 1160 3088 Domine,
1195 3028 1263 3072 non
1283 3005 1378 3089 nobis,

89 3105 147 3171 sed
169 3105 294 3170 nomini
309 3105 378 3170 Tuo
398 3104 491 3171 detur
512 3104 584 3171 laus
607 3116 639 3172 et
660 3106 773 3189 honor,
796 3107 876 3173 mihi
893 3108 1165 3194 etiampecoatori
1187 3110 1230 3176 ad
1253 3110 1380 3176 salutem

88 3219 121 3275 et
141 3210 242 3277 vitam
265 3218 431 3276 aeternam
452 3212 564 3299 prosit.
610 3210 711 3277 Aliud
743 3211 824 3277 nihil
859 3210 1008 3278 desidero
1044 3223 1076 3278 et
1116 3214 1151 3278 in
1182 3213 1247 3281 hoc
1268 3213 1380 3281 mundo

90 3314 171 3380 nihil
194 3322 321 3403 appeto,
344 3315 418 3398 nisi,
452 3323 486 3379 ut
515 3336 589 3379 cum
618 3314 784 3383 voluntate
816 3316 951 3382 Domini
972 3317 1038 3382 Dei
1061 3308 1292 3408 omnipotentis
1309 3341 1380 3387 oon·

88 3418 209 3484 corder.
253 3419 363 3484 Etiam
388 3408 463 3506 peto
487 3420 640 3485 orationis
675 3420 832 3488 auxilium
862 3421 903 3487 ad
925 3421 1103 3488 Dominum
1126 3422 1247 3509 Deum,
1278 3434 1314 3491 ut
1335 3447 1380 3492 me

86 3527 121 3590 in
144 3544 204 3589 sua
227 3524 304 3590 viva
325 3522 391 3589 fide
414 3523 592 3606 confirmet,
616 3547 759 3591 amorem
791 3525 938 3592 divinum
971 3527 1007 3591 in
1039 3549 1093 3593 me
1125 3539 1245 3616 augeat
1278 3539 1310 3596 et
1328 3552 1381 3619 per

87 3651 202 3695 veram
227 3649 318 3716 spem
340 3626 480 3711 roboret,
504 3628 610 3713 simul,
642 3639 676 3695 ut
698 3630 810 3717 largiri
831 3624 981 3718 dignetur
1003 3631 1219 3700 bumilitatem
1242 3645 1379 3703 sanctam

89 3741 122 3797 et
144 3732 321 3820 perfectam
342 3733 375 3796 in
398 3731 544 3798 adversis
567 3735 766 3821 patientiam.
801 3735 900 3802 Varia
931 3737 1018 3801 enim
1047 3738 1117 3825 jam
1148 3738 1189 3804 de
1222 3763 1276 3808 me
1299 3741 1378 3807 dicta

87 3836 217 3903 fuerunt
239 3836 280 3902 de
303 3836 440 3902 diversis
464 3839 605 3924 peccatis
629 3848 662 3904 et
682 3839 860 3928 injustitiis,
883 3842 1074 3928 praesertim
1102 3852 1218 3908 contra
1240 3846 1374 3914 seducti·

88 3964 183 4008 onem
215 3941 408 4007 Antichristi
454 3952 486 4007 et
517 3952 629 4008 contra
671 3942 894 4010 confusionem
932 3946 1002 4033 ejus
1037 3949 1237 4035 sequacium.
1274 3951 1378 4018 Multa

88 4048 184 4114 etiam
208 4046 318 4112 audita
340 4055 414 4113 sunt
436 4046 476 4112 de
498 4070 560 4131 me,
583 4047 624 4114 de
636 4048 812 4115 christiana
824 4051 981 4137 patientia
992 4050 1034 4117 ob
1054 4053 1225 4140 justitiam,
1248 4055 1379 4146 ideoque

87 4161 213 4241 oportet
235 4175 308 4218 cum
330 4151 451 4218 auxilio
472 4152 538 4217 Dei
576 4155 671 4218 etiam
705 4153 827 4242 aliquid
858 4155 992 4221 sufferre
1025 4165 1058 4221 et
1085 4167 1218 4245 gustare
1249 4161 1377 4241 herbam

87 4257 273 4345 patientiae,
307 4265 342 4322 ut
364 4265 588 4343 cognoscatur,
620 4257 766 4324 dulcisne
796 4281 838 4324 an
860 4281 970 4324 amara
992 4261 1043 4345 sit,
1078 4262 1212 4351 qualem
1236 4288 1378 4356 saporem

88 4362 307 4449 virtutemque
329 4360 457 4445 habeat,
493 4383 566 4425 cum
589 4383 649 4426 nec
672 4361 758 4428 dicta
780 4385 841 4429 neo
865 4364 974 4431 audita
996 4366 1172 4433 sufficiant.
1217 4370 1328 4461 Atque
1349 4385 1376 4437 ut

88 4473 239 4552 peccator
282 4463 369 4549 dico,
396 4466 512 4554 jugum
536 4466 605 4553 ejus
630 4489 701 4533 esse
745 4490 844 4534 suave
878 4477 911 4535 et
933 4491 1014 4536 onus
1035 4471 1101 4537 Dei
1122 4472 1166 4539 ad
1188 4475 1378 4562 portandum

87 4567 168 4654 leve,
191 4591 249 4658 per
271 4571 504 4639 consolatorem
526 4572 674 4658 spiritum
697 4584 853 4652 sanctum,
884 4576 940 4663 qui
962 4578 1147 4644 consolatur
1169 4602 1285 4648 omnes
1306 4581 1374 4647 fide

86 4670 135 4738 les
158 4684 189 4740 et
211 4673 349 4742 afflictos
382 4700 441 4766 pro
464 4679 600 4747 veritate
623 4687 655 4745 et
676 4681 806 4746 nomine
830 4679 910 4770 ejus.
953 4682 1083 4770 Precor,
1107 4683 1249 4755 salutate
1273 4706 1376 4758 omnes
