2946 5086
1283 100 1387 201 Μ

91 313 139 361 ex
162 290 296 367 civitate
316 287 515 379 protruserit,
538 294 572 357 et
583 288 691 383 potius
704 287 767 356 hoc
781 274 914 355 sufferre
934 281 1030 369 elegi,
1052 299 1151 370 quam
1164 277 1193 345 si
1203 273 1388 351 debuissem

91 404 209 485 turpes
230 393 638 463 illoruminordinationes
659 391 815 478 adiuvare
837 395 951 457 contra
981 386 1118 455 aliorum
1149 382 1387 462 innocentiam

94 501 165 566 imo
187 521 241 565 me
273 499 399 586 subjeci
428 498 543 587 majori
563 496 702 579 damno,
738 497 831 583 cnjus
861 512 914 559 me
943 489 1121 557 hodiedum
1142 510 1208 555 non
1229 486 1384 576 poenitet.

93 604 209 692 Atque
229 602 288 672 tali
308 605 365 671 via
385 603 504 669 multos
519 588 608 669 ¹alios
634 601 725 668 cives
743 599 788 676 ad
809 596 984 665 solutiones
1006 616 1066 684 per
1086 592 1230 661 «Iudaeos
1252 610 1386 680 persua·

95 708 237 787 debant,
269 709 335 775 imo
366 717 557 795 coegerant,
592 706 679 797 quod
710 704 842 794 quidam
863 701 1106 791 quinquaginta,
1139 697 1197 765 alii
1218 695 1388 784 sexaginta

96 835 281 900 sexagenas
302 811 519 901 deposuerint,
553 813 638 878 sicut
669 809 772 877 Jacob
795 808 894 895 Slaop
929 804 1050 871 lanioni
1076 804 1192 893 tha3
1226 800 1282 867 alii
1303 799 1388 889 plus,

96 917 157 983 alii
178 919 285 983 minus
306 939 410 1005 usque
432 917 474 982 ad
497 901 748 983 contumetiam
770 933 950 998 sexagenas
965 932 1024 998 pro
1039 906 1188 998 possibili
1210 927 1267 971 suo
1291 903 1388 973 dedo.

96 1031 196 1108 runt3
220 1021 352 1111 quidam
385 1023 480 1088 etiam
513 1022 554 1088 ob
585 1019 742 1110 pudorem
765 1026 797 1084 et
816 1017 862 1083 ob·
879 1023 1001 1081 metum
1022 1015 1159 1081 aliorum
1180 1009 1390 1079 manifestare

99 1127 284 1211 noluerunt,
308 1148 390 1215 quae
413 1126 492 1193 dere
514 1126 692 1199 debuerint.

189 1229 443 1317 Observandum
464 1231 518 1297 hie
540 1238 590 1296 est
611 1253 654 1297 ex
675 1228 771 1295 dictis
792 1226 921 1294 illorum
942 1224 1150 1307 Judacorum,
1173 1220 1389 1309 compromi-

93 1337 206 1404 'serint
227 1358 263 1403 se
283 1337 369 1404 velle
390 1339 425 1402 in
453 1335 515 1402 hac
546 1343 650 1423 parte
669 1355 768 1423 agere
799 1340 832 1399 et
861 1331 991 1398 efficere
1013 1339 1085 1414 etc,
1108 1327 1194 1416 quod
1217 1328 1290 1415 jam
1319 1348 1390 1393 rem

102 1449 224 1508 certam
239 1442 359 1507 rescire
383 1440 553 1507 debuerint
574 1447 607 1506 et
622 1440 755 1528 praevie
767 1459 841 1511 oum
860 1436 912 1502 his
933 1456 1040 1523 agere,
1062 1434 1118 1522 qui
1132 1432 1205 1500 illos
1228 1440 1261 1497 et
1281 1432 1391 1499 omnis

101 1548 137 1612 in
165 1554 327 1634 potestate
360 1544 632 1613 suahabuerunt
661 1545 697 1609 in
729 1544 860 1609 civitate
882 1540 962 1622 hac,
997 1539 1105 1605 omnia
1137 1535 1223 1603 bona
1244 1557 1284 1603 ac
1304 1534 1392 1603 mala

100 1651 231 1738 agendi,
253 1651 395 1717 maxime
416 1672 534 1739 nempe
563 1671 638 1716 cum
665 1649 819 1735 magistro
852 1644 986 1731 Passek,
1019 1667 1093 1711 cum
1123 1640 1252 1708 lenione
1284 1639 1394 1727 Zylrs,

104 1755 237 1821 Joanne
256 1753 401 1832 Karban,
423 1752 550 1821 Thomu
563 1752 745 1836 Zachlubil,
768 1750 862 1819 Gallo
880 1748 1036 1833 Ozehera,
1060 1757 1179 1813 etcum
1192 1745 1265 1811 aliis
1280 1766 1391 1825 eorum

101 1859 262 1946 proximis
296 1857 510 1945 sequacibus,
543 1858 585 1923 ad
614 1878 749 1947 quorum
778 1876 892 1923 manus
920 1853 981 1921 hee
1015 1851 1190 1920 solutiones
1216 1847 1399 1931 studetis,

101 1970 332 2053 pervenerunt.
427 2002 429 2007 -

643 2150 788 2219 CAPUT
810 2150 863 2216 28.

99 2331 138 2390 In
162 2347 222 2405 qno
243 2329 422 2408 insinuatur,
441 2334 547 2409 ,qualm
569 2332 622 2393 alii
643 2351 749 2393 causas
772 2330 897 2413 cuilibet
909 2330 1033 2392 seorsim
1044 2324 1277 2410 assignaverint,
1301 2345 1392 2406 quaro

100 2438 141 2477 ex
165 2417 288 2478 civitate
309 2428 511 2481 amoveantur.
556 2420 694 2480 Tandem
717 2420 754 2479 de
775 2419 954 2496 quibusdam
976 2419 1075 2479 missis
1100 2418 1254 2490 Suericis,
1288 2417 1392 2497 qualos

100 2505 224 2577 luerint,
246 2515 276 2565 et
296 2510 443 2584 quomodo
465 2510 604 2569 sacerdos
625 2506 776 2567 Martinus
799 2507 831 2565 in
849 2505 1023 2566 Bethlehem
1044 2525 1095 2565 sss
1118 2506 1292 2583 peregerit·
1315 2505 1393 2564 Item

102 2593 177 2668 quid
194 2593 426 2671 administrator
447 2594 481 2656 in
503 2598 591 2657 domo
620 2594 786 2673 Nastogtae
809 2593 911 2672 egerit,
944 2593 996 2653 ubi
1027 2593 1123 2672 prima
1143 2591 1209 2651 vioe
1231 2590 1394 2666 successit;

272 2684 403 2743 secundo
425 2692 523 2743 autem
544 2683 618 2742 illud
640 2685 738 2742 denuo
760 2682 792 2742 in
815 2700 963 2741 venenum
983 2699 1101 2740 versum
1123 2674 1226 2739 iuerat.

195 2831 241 2898 Ut
262 2833 396 2901 cuilibet
417 2837 621 2901 innotescant
642 2834 765 2923 culpae,
799 2842 832 2900 et
858 2854 975 2900 causac
998 2833 1040 2899 de
1063 2834 1194 2903 civitate
1216 2827 1396 2896 amotionis'

102 2936 308 3024 quarundam
342 2962 565 3028 personarum,
599 2948 632 3007 et
660 2951 696 3007 ut
724 2941 846 3007 veritas
868 2939 1010 3006 totaliter
1030 2959 1097 3006 non
1123 2937 1258 3021 veletur,
1291 2937 1339 3001 ita
1357 2942 1396 3000 ut

103 3042 239 3122 cuidam
263 3042 347 3109 forte
368 3045 534 3111 videretur
545 3046 711 3134 injustum,
736 3045 821 3133 quod
842 3067 953 3111 omnes
976 3046 1046 3110 sine
1062 3045 1169 3110 causis
1193 3041 1397 3131 praegressis

103 3149 207 3213 amoti
230 3155 263 3213 et
285 3147 326 3214 de
349 3149 480 3216 civitate
501 3151 588 3238 pulsi
608 3151 741 3233 fuerint,
773 3150 851 3216 hinc
872 3159 984 3217 notum
1006 3153 1049 3215 sit
1070 3149 1212 3227 cuilibet,
1246 3146 1332 3236 quod
1351 3144 1396 3212 ad

109 3250 271 3340 quosdam
293 3252 335 3319 de
356 3253 577 3340 Pragensibus
599 3255 681 3321 haec
702 3255 790 3321 dicta
811 3257 942 3341 fuerint,
965 3263 998 3321 et
1019 3255 1149 3344 quidem
1170 3253 1214 3319 ad
1234 3254 1396 3320 Joanuem

112 3355 280 3446 Ohyzder,
301 3358 388 3444 quod
411 3381 453 3426 ex
476 3360 623 3427 ecclesiis
645 3361 782 3448 popinas
803 3359 911 3426 facere
933 3359 1081 3438 voluerit,
1096 3356 1262 3447 'quodque
1278 3359 1312 3422 in
1333 3357 1396 3423 Be·

107 3462 257 3530 thlehem
278 3485 351 3528 esse
374 3463 485 3532 soleat.
528 3465 583 3532 Ad
605 3466 735 3533 Gallum
757 3464 798 3530 de
820 3465 907 3531 Rosa
929 3464 1051 3531 dictum
1085 3472 1143 3547 est,
1178 3485 1252 3529 eum
1273 3462 1395 3548 risisse,

107 3569 187 3637 dum
210 3567 267 3634 alii
287 3568 330 3634 ad
353 3570 474 3634 curiam
487 3571 602 3636 armati
623 3578 859 3659 processerunt
902 3569 956 3636 Ad
977 3568 1260 3637 Bartholomaeum
1273 3565 1395 3651 Hmch,
1428 3576 1435 3587 “

107 3673 197 3763 quod
218 3685 294 3761 post
315 3660 543 3740 citationes‘se
565 3673 608 3739 ad
623 3675 785 3762 judicium
807 3677 922 3743 sistere
944 3672 1094 3757 noluerit,
1127 3672 1182 3739 hic
1211 3672 1397 3739 carceribus

108 3779 293 3866 impositus,
313 3776 437 3844 ibidem
459 3780 582 3867 aliquot
604 3783 791 3868 septimanis
821 3780 970 3846 detentus
994 3787 1026 3844 et
1047 3778 1178 3844 undem
1200 3799 1243 3844 ex
1265 3779 1396 3846 civitate

106 3890 235 3948 emotus
256 3881 328 3952 fuis,
370 3882 426 3948 Ad
455 3883 685 3976 Wenceslaum
717 3868 885 3972 hluticky,
919 3882 1005 3972 quod
1039 3881 1194 3950 Suevicas
1223 3885 1340 3950 missas
1360 3887 1396 3952 in

105 3988 300 4057 Bethlehem
322 3988 586 4074 frequentaverit.
629 3988 683 4053 Ad
705 3988 813 4072 alium,
836 3987 923 4076 quod
935 3986 1078 4054 convitia
1089 3988 1294 4072 commiserit,
1318 3987 1397 4056 dum

106 4095 224 4162 diebus
237 4093 377 4159 Veneris
400 4113 494 4158 caseo
518 4091 643 4157 cibatus
664 4092 770 4158 fuerit.
813 4091 867 4156 Ad
887 4091 1048 4178 Reginam
1069 4090 1278 4179 Lopatskyn,
1309 4093 1396 4181 quod

106 4199 323 4284 denegaverit
344 4199 431 4287 apud
454 4222 489 4264 se
512 4199 727 4291 diuersorium
749 4195 827 4262 dare
848 4198 990 4284 principi
1012 4195 1139 4283 Carolo,
1158 4200 1207 4261 ‘ex
1230 4218 1278 4281 eo,
1309 4197 1396 4285 quod

105 4302 189 4377 illud
210 4300 438 4393 appromiserit
459 4303 589 4370 domino
613 4323 763 4389 supremo
786 4299 991 4368 cancellario.

192 4410 288 4476 Haec
310 4417 343 4474 et
363 4408 428 4474 alia
461 4407 579 4474 similia
613 4416 688 4471 sunt
715 4404 773 4470 illa
795 4413 862 4470 tam
890 4405 1029 4492 grandia
1050 4404 1214 4488 scandala,
1238 4404 1280 4472 ob
1312 4406 1397 4496 quae

104 4519 235 4604 Pragae
256 4512 377 4601 ubique
398 4511 473 4578 illos
500 4512 541 4578 de
574 4511 711 4594 haeresi,
744 4508 966 4597 blasphemiis,
1001 4520 1090 4575 secta
1121 4507 1330 4576 Piekhartice
1363 4519 1398 4577 et

105 4625 181 4691 aliis
204 4618 365 4687 similibus
387 4617 568 4705 arguebant
599 4624 632 4682 et
651 4614 829 4702 fingebant,
852 4637 931 4704 quas
953 4613 1035 4682 alias
1057 4637 1171 4681 causas
1194 4615 1396 4704 expulsionis

105 4730 148 4801 ob
163 4726 361 4799 brevitatem
374 4725 630 4794 ctoritationem
646 4720 871 4810 suspectionis,
896 4720 982 4811 quod
1003 4720 1086 4789 alios
1107 4719 1248 4789 ludibrio
1268 4704 1392 4788 habere
