2946 5086
1327 202 1391 272 203

98 375 181 465 plus,
205 397 266 464 pro
288 394 326 442 re
341 383 431 442 certa
442 370 527 457 dico,
550 375 638 462 quod
658 381 744 442 totus
759 375 898 444 mundus
911 376 970 443 bas
986 374 1116 442 divitias
1137 397 1202 442 non
1215 377 1390 465 possideat,

99 488 133 546 ut
153 479 240 556 hacc
261 480 344 547 mihi
368 479 472 547 solvat
494 488 526 546 et
549 489 745 570 compenset.
765 480 839 547 Non
861 490 912 548 est
932 480 1033 568 igitur
1052 480 1389 565 meuminfortunium,

97 606 204 673 neque
225 585 328 651 ullum
352 582 516 668 damnum,
539 584 627 673 quod
648 608 691 652 ex
711 585 878 652 voluntate
893 584 959 651 Dei
979 598 1095 672 passus
1116 585 1242 669 fuerim,
1265 595 1300 651 ut
1321 588 1389 673 qui·

97 688 174 755 dam
198 678 344 757 vestrum
367 691 551 779 opinantur·
569 698 602 755 et
633 688 714 756 mibi
734 692 769 755 in
791 675 855 757 hoc.
876 712 985 756 errore
1005 687 1193 775 condolent3
1221 691 1287 755 nisi
1307 690 1391 757 forte
1419 698 1423 705 ’

95 792 189 873 ideo,
206 793 294 883 quod
316 817 368 861 me
389 816 448 883 pro
471 814 625 877 erroneo,
654 793 818 860 haeretico
852 805 885 860 et
905 792 1081 859 Pickharta
1107 795 1238 879 geratis,
1269 802 1302 859 et
1336 817 1390 860 me
1423 796 1428 805 '

93 897 194 966 talem
216 921 290 965 esse
306 896 472 987 judicetis,
503 900 580 986 quia
600 899 770 965 veritatem
791 899 856 965 Dei
888 897 1021 965 defendi
1050 905 1082 963 et
1104 896 1271 964 confessus
1302 921 1385 984 sum,

93 1002 272 1071 falsitatem
294 990 488 1070 An'tichris'ti
515 1003 635 1087 detexi,
668 1012 701 1070 et
731 1005 825 1092 quasi
853 1006 1013 1092 impuram
1048 1004 1251 1071 meretricem
1280 1006 1389 1094 palam

93 1107 249 1175 omnibus
270 1107 501 1193 demonstrari,
519 1130 560 1175 ac
582 1109 760 1197 squallores
783 1110 854 1197 ejus
875 1109 911 1173 iu
932 1108 1037 1174 lucem
1058 1109 1187 1196 protuli.
1217 1110 1310 1177 Haeo
1331 1134 1389 1178 ve·

95 1220 183 1279 stra·
194 1211 321 1300 judicia
365 1220 398 1278 et
432 1233 577 1283 rumores
613 1212 792 1279 auxiliante
824 1213 1050 1299 omnipotente·
1074 1213 1148 1279 Deo
1176 1223 1287 1281 nostro
1322 1236 1389 1283 non

95 1317 206 1401 timeo,
229 1315 447 1402 nec-borrec;
484 1318 683 1383 consuetudo
710 1318 797 1383 enim
825 1328 857 1382 et
886 1327 1000 1395 natura
1031 1326 1080 1383 est
1109 1320 1251 1384 omnium
1281 1319 1391 1409 Papae

94 1408 248 1500 filiorum,
285 1419 380 1517 quod,
422 1422 478 1508 qui
501 1420 623 1487 eisdem
658 1422 829 1487 veritatem
861 1421 984 1509 profert
1015 1430 1071 1487 aut
1102 1421 1244 1510 protulit,
1279 1444 1390 1489 eorum
1457 1452 1460 1459 ·

95 1520 375 1626 incredulitatem„
402 1525 515 1592 sordes
538 1536 571 1593 et
591 1534 726 1614 peccata
755 1527 901 1614 culpavit
921 1535 955 1592 et
975 1527 1090 1615 arguit,
1122 1527 1391 1616 praebendasquo

96 1632 144 1697 eis
165 1629 311 1714 abstulit,
332 1629 389 1697 ille
402 1630 508 1717 quivis
530 1629 618 1718 apud
630 1629 761 1697 eosdem
782 1653 842 1719 pro
863 1630 1028 1697 haeretico
1051 1640 1084 1696 et
1097 1631 1275 1699 Pickbarta
1296 1626 1389 1697 habi·
1411 1625 1415 1633 ’

96 1743 147 1802 tus
169 1735 279 1819 fuerit,
302 1734 529 1812 adversitates,
551 1742 753 1823 contemptus
776 1745 808 1801 et
829 1735 1101 1803 incarcerationes
1131 1735 1173 1801 ab
1203 1735 1270 1801 illis
1292 1736 1385 1801 susti·

96 1861 175 1906 nere
196 1828 358 1922 debuerit,
390 1827 569 1905 'secundum
592 1841 811 1905 testimonium
833 1861 945 1905 sacrae
976 1841 1165 1927 scripturae,
1197 1839 1280 1928 legis
1302 1838 1400 1906 divi·-

97 1965 182 2029 nae,
195 1943 365 2023 mibivero
388 1942 469 2010 illu'd
491 1945 661 2010 minimum
677 1967 748 2011 esse
761 1953 906 2033 apparet,
928 1952 964 2010 ut
985 1966 1005 2009 a
1026 1944 1119 2012 v'obis
1141 1945 1282 2009 inimicis
1305 1945 1390 2010 veri·

97 2042 173 2115 tatis
192 2047 260 2114 Dei
280 2069 339 2135 pro
360 2048 418 2115 tali
440 2050 602 2127 aestimer,
637 2057 669 2115 et
690 2049 764 2116 talis
797 2072 869 2115 esse
886 2048 1025 2139 judicer.
1064 2049 1139 2114 Scio
1170 2050 1266 2132 enim,
1303 2049 1390 2136 quod

97 2174 155 2241 per
177 2151 261 2217 baec
283 2151 362 2219 mibi
385 2175 450 2219 non
474 2152 643 2238 nocebitis,
678 2162 711 2220 et
732 2177 793 2220 nec
824 2178 888 2221 uno
923 2156 1040 2242 capillo
1073 2156 1189 2242 capitis
1222 2155 1287 2220 mei
1318 2157 1389 2221 sine

94 2258 261 2329 voluntate
272 2257 338 2323 Dei
360 2280 412 2324 me
433 2259 616 2346 privabitis,
637 2274 733 2348 prout
754 2262 851 2327 etiam
868 2262 939 2350 jam
962 2261 1007 2325 ita
1028 2259 1149 2343 iactum
1176 2268 1234 2343 est,
1259 2259 1387 2348 quando

93 2361 195 2449 longo
227 2369 371 2450 tempore
403 2363 439 2428 in
460 2371 619 2451 potestate
648 2373 680 2430 et
708 2364 856 2431 manibus
887 2367 1003 2431 vestris
1040 2364 1096 2448 fui,
1120 2360 1297 2430 secundum
1318 2359 1386 2452 opiss

92 2469 228 2534 n'ionem
257 2474 407 2551 vestram,
440 2489 500 2555 ego
524 2490 600 2535 vero
624 2470 741 2536 confidi
775 2479 807 2536 et
828 2469 1048 2536 indubitanter
1079 2467 1203 2535 credidi
1233 2489 1286 2533 me
1318 2489 1386 2534 non

92 2576 200 2643 fuisse
218 2575 254 2640 in
268 2573 353 2641 solis
385 2578 503 2644 vestris
524 2577 684 2661 manibus,
706 2575 763 2642 sed
784 2576 818 2641 in
839 2573 989 2641 manibus
1012 2583 1044 2640 et
1071 2580 1230 2662 potestate
1251 2572 1386 2639 Domini

93 2682 196 2768 regis,
219 2689 253 2747 et
273 2680 318 2749 ab
340 2681 489 2749 omnibus
512 2681 651 2749 saeculis
671 2680 742 2770 Dei·
768 2680 1005 2767 omnipotentis,
1039 2679 1094 2767 qui
1128 2682 1180 2742 me
1216 2676 1411 2743 custodivit·

94 2795 129 2852 et
150 2787 373 2875 praeservavit
393 2786 436 2854 ab
458 2788 546 2853 omni
578 2787 734 2853 violentia
755 2785 946 2851 Antichristi
968 2807 1027 2873 pro
1059 2782 1226 2850 voluntate
1248 2803 1307 2847 sua
1328 2789 1415 2850 eto·

185 2888 315 2979 ijicis
337 2891 427 2976 mihi,
450 2892 536 2980 quod
558 2894 593 2957 in
615 2892 715 2958 literis
738 2891 829 2975 meis,
860 2912 940 2979 quas
962 2899 1037 2959 ante
1066 2887 1226 2978 quaedam
1247 2898 1394 2976 tempora

94 2994 318 3083 Pragensibus
341 2997 514 3080 transmisi,
547 2996 646 3063 animi
669 3004 701 3061 et
721 2995 896 3063 voluntatis
924 2994 1020 3084 hujus
1052 2988 1177 3078 fuerim,
1210 2993 1395 3079 frequenter

95 3123 217 3190 corpus
240 3111 273 3167 et
294 3102 485 3189 sanguinem
508 3099 642 3167 Domini
664 3099 765 3195 nostri
787 3099 868 3166 Jesu
890 3097 1014 3165 Christi
1035 3098 1183 3165 sumendi
1216 3106 1248 3163 et
1268 3119 1320 3163 me
1342 3097 1393 3162 bis

96 3206 314 3273 confortandi.
347 3205 524 3275 Sciendum
546 3227 624 3272 vero
646 3206 706 3271 tibi
729 3213 787 3288 est,
817 3202 904 3292 quod
926 3196 1092 3288 hucusque
1124 3200 1298 3290 adjuvante
1311 3200 1393 3265 -Deo

96 3310 195 3400 hujus
218 3300 488 3394 voluntatis'sim,
512 3320 544 3377 et
565 3311 627 3377 boc
648 3309 722 3377 cibo
744 3331 784 3374 ac
805 3317 888 3401 potu.
905 3307 1169 3396 spiritualiter-ex
1190 3303 1256 3371 tide
1272 3305 1393 3376 Christi

97 3417 229 3504 saepius
252 3416 423 3499 confortes,
446 3437 513 3483 non
535 3415 604 3481 sola
625 3413 797 3481 benedicta
819 3413 1000 3498 sumptione
1021 3419 1202 3492 contentus,
1232 3416 1289 3475 aut
1310 3410 1393 3475 sicut

97 3544 159 3588 vos
181 3520 274 3586 multi
296 3519 480 3587 sacerdotes
501 3519 560 3586 filii
582 3519 776 3586 Antichristi
808 3519 842 3583 in
866 3517 935 3583 solo
965 3515 1137 3593 benedicto
1167 3537 1225 3581 esu
1255 3523 1288 3581 et
1314 3523 1393 3602 potu

98 3626 246 3714 corporis
269 3633 301 3690 et
323 3625 490 3711 sanguinis
513 3623 636 3691 Christi
657 3623 813 3713 populum
845 3622 966 3711 ubique
987 3621 1090 3688 ferme
1120 3619 1273 3686 inducitis
1296 3629 1330 3685 et
1351 3621 1393 3684 si·

99 3731 195 3813 stitis,
218 3738 252 3795 et
272 3731 307 3795 in
328 3730 391 3796 hoc
414 3729 493 3807 solo,
517 3737 548 3794 et
570 3751 613 3796 ex
634 3728 697 3794 hoc
718 3728 787 3795 solo
809 3728 875 3794 illis
889 3729 991 3794 vitam
1013 3738 1178 3792 aeternam
1192 3723 1393 3813 promittitis,

101 3845 133 3903 et
155 3832 244 3924 quod
267 3857 310 3901 ex
331 3834 393 3900 hoc
415 3818 538 3899 fructus
560 3834 708 3921 copiosos
731 3831 907 3915 obtineant,
940 3831 982 3897 ad
1004 3831 1086 3897 haec
1107 3831 1252 3896 invitatis
1275 3850 1387 3895 omnes

98 3930 279 4008 universim
301 3939 425 4027 absque
445 3937 511 4003 tide
533 3945 565 4004 et
586 3938 787 4025 poenitentia
818 3960 858 4005 ac
894 3935 1053 4024 spirituali
1082 3957 1139 4002 esu
1162 3943 1195 4000 et
1221 3942 1300 4024 potu
1323 3953 1391 3998 cor·

96 4046 187 4132 poris
210 4053 244 4109 et
265 4044 433 4129 sanguinis
453 4043 597 4127 Domini,
628 4051 725 4130 atque
748 4064 791 4107 ex
811 4042 873 4107 hac
893 4064 968 4107 mea
988 4063 1070 4129 pura
1089 4038 1262 4105 benedicta
1285 4060 1392 4125 sump-
1437 4042 1440 4047 '

98 4151 188 4217 tione
211 4148 291 4214 clari
311 4147 435 4215 fructus
451 4135 720 4228 demonstrantur,
744 4146 848 4233 primo
871 4147 904 4212 in
927 4145 1021 4212 vobis
1037 4143 1259 4210 sacerdotibus
1269 4141 1389 4226 multis,

99 4265 130 4321 et
154 4252 256 4319 multo
278 4253 442 4320 communi
462 4251 592 4340 populo,
625 4251 701 4317 dum
723 4251 759 4314 in
779 4252 923 4337 peccatis
954 4258 986 4315 et
1015 4248 1181 4337 injustitiis
1203 4268 1391 4336 persevera·

98 4361 149 4442 tis,
174 4359 367 4446 praesertim
389 4355 586 4439 sacerdotes,
618 4357 674 4443 qui
696 4354 840 4443 quotidie
862 4355 995 4419 missam
1018 4352 1193 4435 celebrant,
1217 4354 1393 4419 communi·

96 4474 184 4549 caut,
219 4462 358 4549 ideoque
380 4463 473 4531 multi
502 4485 630 4530 omnem
664 4463 819 4550 populum
841 4462 959 4528 laicum
982 4462 1131 4549 ¹peccatis
1161 4469 1194 4525 et
1224 4462 1391 4548 injustitiis

94 4569 203 4636 foedis
226 4578 388 4657 superant
432 4568 486 4633 Ex
509 4560 581 4656 quo,
605 4590 735 4656 quaeso,
771 4567 851 4632 haec
872 4575 1008 4659 peccata
1044 4574 1077 4630 et
1107 4566 1284 4652 injustitias
1306 4589 1391 4632 com·

93 4671 254 4742 mittitis?
273 4673 337 4739 nisi
359 4695 402 4740 ex
423 4672 584 4762 frequenti
617 4673 800 4761 sumptione
813 4696 824 4756 3·
856 4672 940 4737 sicut
971 4670 1090 4755 dicitis,
1121 4669 1206 4757 quod
1229 4669 1393 4747 Christum

91 4779 275 4848 Dominum
296 4765 498 4868 personalem
521 4786 555 4846 et
575 4775 906 4855 essentialem-Deum
927 4776 1040 4845 vivum
1060 4776 1094 4843 in
1119 4784 1318 4848 sacramento
1339 4800 1389 4845 su·

94 4884 203 4953 matis.
1261 4905 1264 4914 ·
