2946 5086
1308 179 1379 253 'lut

622 359 768 429 CAPUT
796 361 845 431 14.

84 527 120 585 In
145 544 206 603 qno
227 532 348 585 notatur
371 529 408 587 de
443 527 545 588 eodem
569 520 758 606 Rohyczuno,
781 524 928 602 quomodo
950 531 980 582 01
990 541 1041 582 cur
1056 525 1383 596 contemnaturaparte

86 614 234 688 Romana,
257 625 288 671 et
315 635 367 674 cur
389 635 445 694 pro
467 615 616 674 haeretico
637 615 757 673 habitus
779 612 876 685 fuerit,
900 620 929 671 et
951 630 1004 670 cur
1024 606 1382 668 iratresWaldensesho·

86 701 208 759 diedum
230 701 305 759 00111
342 703 419 781 parti
442 704 631 761 adhaereant.
663 701 858 761 Ulterins‘de
879 701 935 758 hoc
967 694 1159 775 Rokyczano,
1182 693 1331 772 quomodo
1351 692 1384 751 in

85 788 144 846 fide
183 789 255 847 hinc
285 789 356 849 inde
382 790 567 862 titubaverit,
600 789 669 867 plus
700 788 859 847 aestimans
889 787 1007 844 laudem
1040 792 1069 842 et
1094 784 1238 843 honorem
1270 781 1384 853 mnndi,

86 893 176 952 quam
201 877 343 936 honorem
378 887 408 936 et
428 878 555 954 gloriam
576 876 647 949 Dei,
668 876 794 952 ideoque
817 875 844 933 ei
866 874 949 933 Deus
970 873 1001 930 in
1034 889 1089 931 sua
1120 869 1285 930 intentione
1316 886 1384 945 pro-

551 963 657 1023 iectum
681 962 795 1022 nullum
816 961 929 1022 tribuit

173 1111 268 1181 Haec
299 1114 406 1181 adhuc
439 1115 649 1180 inveniuntur
690 1113 731 1181 (10
767 1113 824 1180 illo
857 1112 978 1201 scripta
1010 1113 1044 1176 10
1076 1116 1214 1176 10001010
1243 1106 1384 1195 Hylurii,

87 1217 230 1283 doctoris
261 1218 396 1284 Bohemi
430 1220 577 1285 canonici
609 1220 695 1284 arcis
728 1217 913 1306 Pragensis,
943 1227 1092 1307 tempore
1129 1215 1216 1301 regis
1250 1211 1386 1299 Georgii

86 1324 279 1410 praesentis,
303 1323 389 1411 quod
411 1346 528 1413 nempe
550 1323 606 1390 ills
628 1346 701 1390 cum
721 1322 808 1390 clero
825 1324 979 1407 Bohemo,
1003 1331 1036 1389 01
1047 1319 1196 1388 omnibns
1217 1325 1297 1383 tunc
1317 1317 1384 1382 illis

86 1427 340 1494 adhaerentibus
373 1437 573 1516 contemptus
607 1438 640 1495 et
675 1427 906 1494 condemnatus
939 1429 1037 1494 fuerit
1062 1447 1121 1516 pro
1155 1423 1318 1490 haeretico
1353 1420 1387 1487 01

89 1553 240 1616 erroneo,
264 1542 296 1599 01
320 1535 408 1599 omni
430 1543 590 1623 potestate
613 1533 712 1602 officii
734 1534 777 1600 sd
798 1533 938 1600 fractam
950 1533 1061 1600 salutis
1073 1533 1254 1620 pertinente
1280 1527 1387 1617 privs·

88 1645 139 1702 tus
161 1635 270 1720 fuerit,
295 1637 382 1725 quod
405 1638 478 1707 ideo
501 1639 632 1722 factm,
656 1641 713 1729 qui
734 1640 888 1704 antesin
911 1637 1059 1704 omnibus
1093 1636 1289 1725 vituperavit
1324 1624 1385 1700 Ro·

87 1763 220 1806 manam
243 1741 354 1808 sedem
376 1753 409 1808 et
429 1745 510 1810 ritus
533 1743 690 1832 ejusdem,
712 1743 824 1810 dicans
848 1753 880 1810 et
913 1743 1058 1811 scribens
1091 1741 1132 1807 de
1164 1742 1219 1808 illo
1255 1732 1387 1833 (nempe

87 1846 257 1935 pontifice)
283 1870 355 1914 eum
378 1872 451 1916 esse
472 1849 717 1934 Antichristum,
741 1861 773 1917 et
794 1848 956 1917 1100100οο
978 1872 1044 1916 000
1067 1871 1138 1916 0000
1165 1862 1262 1914 veros
1304 1845 1388 1912 filios

90 1952 249 2019 ecclesiae
282 1951 412 2039 Christi,
448 1956 530 2021 sicut
577 1954 753 2021 hodiedum
785 1954 891 2021 adhuc
913 1956 955 2022 de
988 1955 1049 2020 hac
1084 1953 1268 2043 suspicione
1307 1950 1386 2017 libe·

89 2060 150 2124 rati
188 2080 256 2124 non
292 2069 374 2127 0001.
433 2059 485 2127 Ab
521 2060 583 2127 hoc
622 2069 767 2148 tempore
803 2082 907 2149 usque
940 2058 983 2125 ad
1014 2060 1099 2125 hanc
1132 2080 1255 2124 moram
1295 2078 1388 2122 scan-

90 2161 737 2236 (10110011000110010001111011000οἰ0
769 2165 857 2248 dicti,
892 2164 978 2255 quod
1014 2163 1094 2230 00111
1136 2165 1219 2251 parti
1270 2161 1387 2227 adhae-

89 2291 160 2335 rere
183 2268 296 2348 velint,
324 2271 428 2340 donec
450 2282 585 2362 unaque
606 2295 682 2362 pars
719 2270 813 2337 aliter
834 2269 1030 2358 probaverit,
1056 2269 1141 2356 quod
1181 2267 1313 2332 tandem
1354 2267 1389 2331 in

92 2375 287 2441 cannarium
322 2376 469 2444 homines
505 2378 650 2445 docuerit
678 2384 710 2445 01
731 2379 846 2444 iterum
876 2377 910 2441 10
943 2374 1053 2439 nidum
1092 2396 1184 2438 sunm
1221 2372 1389 2457 rediverit,

93 2478 204 2546 volens
227 2478 298 2545 fieri
321 2481 583 2569 archiepiscopus
605 2482 787 2570 Progensis.
824 2481 915 2547 Alibi
925 2481 1042 2546 iterum
1066 2478 1146 2543 haec
1159 2479 1387 2566 inveniuntur·;

96 2581 169 2649 dum
192 2585 371 2670 primavice
392 2585 494 2652 multa
514 2587 549 2650 in
573 2586 782 2653 concionibus
805 2588 871 2652 suis
895 2594 1007 2652 contra
1027 2583 1213 2672 pontificem
1226 2591 1258 2648 01
1278 2581 1390 2648 sedem

98 2688 241 2776 ejusdem
264 2688 409 2774 dixisset,
433 2691 584 2778 (10000010
596 2690 727 2756 tradens
741 2691 918 2758 secundum
933 2691 1038 2776 legem
1062 2687 1134 2772 Dei,
1149 2708 1260 2753 omnes
1274 2688 1388 2753 10000-

97 2793 195 2858 tiones
206 2791 374 2871 humauas,
385 2797 576 2882 praesertim
586 2796 779 2883 pontificias,
791 2797 920 2864 omnino
933 2801 1151 2875 contemnens,
1163 2794 1206 2856 ita
1219 2790 1390 2880 quodmul·

99 2899 116 2962 ti
132 2897 214 2964 haec
225 2921 285 2987 pro
296 2900 431 2966 veritate
448 2901 540 2966 firma
551 2901 722 2967 habuerint
745 2897 1286 2987 (11000101111010011001011100101)
1309 2895 1391 2961 nihil

98 3002 181 3069 uliud
193 3004 383 3090 cogitantes,
392 3006 454 3070 nisi
463 3005 504 3071 do
515 3007 623 3072 officio
635 3017 668 3072 01
681 3007 802 3073 honore
814 3005 940 3086 divin03
954 3004 1031 3071 dum
1043 3003 1173 3070 tandem
1185 3003 1285 3068 talem
1299 3002 1390 3090 plan·

97 3109 247 3174 tationem
268 3109 304 3173 in
324 3109 487 3175 mentibus
510 3109 675 3176 hominum
689 3102 863 3194 canaescet,
885 3109 988 3176 voluit
1009 3132 1051 3175 ex
1072 3107 1136 3172 illis
1152 3109 1260 3172 omnia
1274 3107 1390 3170 iterum

97 3210 247 3279 radicitus
270 3212 420 3293 avellere,
443 3235 601 3298 asserens,
626 3237 660 3280 se
669 3216 703 3278 in
724 3213 862 3303 dicendo
884 3236 1018 3297 errasse,
1041 3213 1180 3301 indeque
1201 3209 1273 3275 illos
1296 3210 1391 3275 mise·

96 3317 149 3381 riis
183 3326 217 3382 01
246 3306 477 3384 afflictionibus
511 3320 611 3386 variis
646 3318 687 3385 ad
715 3327 852 3383 mortem
881 3342 983 3407 usque
1007 3319 1160 3399 oneravit,
1194 3315 1269 3378 dum
1300 3311 1392 3378 illum

96 3422 184 3508 sequi
208 3431 320 3487 contra
353 3425 492 3509 priorem
525 3422 655 3489 modum
689 3422 869 3488 noluerunt.
913 3423 967 3488 Ex
990 3446 1053 3512 qua
1089 3425 1158 3510 ejus
1193 3418 1391 3507 plantatione

94 3524 224 3592 tandem
247 3540 466 3612 provenerunt
487 3527 612 3609 fratres,
636 3549 717 3614 quos
750 3549 837 3593 0000
858 3526 1025 3615 appellant
1046 3527 1248 3607 waldenses,
1272 3523 1327 3610 qui
1349 3520 1391 3586 ab

94 3635 196 3698 eodem
231 3630 406 3698 hodiedum
436 3632 647 3699 fundamenta
669 3633 799 3717 babent,
833 3632 867 3696 in
889 3633 987 3698 variis
1011 3625 1392 3711 100οΒ010000,Μο-

96 3738 204 3802 taviae
228 3747 263 3801 et
283 3735 362 3801 alibi
384 3736 579 3803 habitantes.
609 3737 682 3804 Hae
704 3747 736 3802 et
757 3737 840 3803 aliae
863 3736 1094 3825 scripturaede
1116 3736 1172 3801 illo
1195 3730 1395 3800 sufficienter

96 3836 221 3925 docent,
257 3863 330 3906 enm
350 3841 452 3907 fuisse
473 3841 637 3908 hominem
671 3843 918 3925 inconstantem,
948 3841 1066 3929 partim
1099 3841 1186 3905 enim
1217 3836 1394 3904 secundum

96 3936 176 4031 legis
197 3945 331 4012 divinae
354 3947 523 4012 veritatem
547 3946 671 4012 ducere
694 3946 850 4034 populum
872 3945 983 4011 docuit
1010 3954 1045 4010 01
1071 3943 1271 4031 praedicavit
1293 3940 1393 4032 scrip-

96 4051 195 4116 turam
219 4071 354 4133 sacram,
376 4049 479 4117 altera
499 4052 617 4116 iterum
637 4052 710 4116 vice
733 4050 872 4116 eundem
894 4051 929 4115 in
950 4049 1146 4114 contrarium
1168 4047 1271 4129 duxit,
1285 4047 1393 4114 defen.

96 4149 173 4219 dens
191 4152 307 4221 sedem
330 4153 520 4237 Romanam,
551 4155 736 4244 pontificem
770 4165 803 4220 at
834 4174 991 4243 sequaces
1022 4156 1100 4243 ejus.
1143 4152 1186 4216 Et
1209 4152 1286 4217 dum
1320 4175 1392 4219 eum

96 4257 221 4342 quidam
244 4258 323 4325 boni
343 4269 377 4325 01
397 4262 443 4347 pii
464 4259 595 4327 01100011
610 4260 747 4344 fuerunt,
770 4250 962 4348 quaerentes
979 4282 1020 4326 ex
1041 4259 1107 4342 illo,
1138 4278 1195 4323 cur
1207 4257 1288 4322 haec
1317 4269 1394 4346 agat

97 4373 127 4428 et
145 4365 309 4431 contraria
331 4367 460 4433 veritati
483 4367 607 4449 doceat,
632 4375 665 4432 01
685 4365 785 4454 priori
808 4387 864 4431 suo
878 4364 1019 4451 dogmati
1050 4360 1225 4452 opposita?
1258 4381 1393 4449 respon.

96 4469 158 4538 dit:
178 4473 231 4539 Ita
253 4494 306 4538 res
331 4482 389 4556 ast,
413 4475 442 4537 si
464 4472 545 4538 haec
564 4494 630 4538 000
662 4492 802 4558 agerem,
836 4469 989 4536 deberem
1023 4471 1106 4535 siout
1140 4489 1198 4532 vos
1231 4468 1393 4531 contemni

96 4586 125 4643 01
144 4577 270 4669 sperni;
304 4599 365 4667 per
400 4599 483 4665 quaa
517 4576 605 4644 clare
634 4575 830 4643 desiderium
864 4573 1046 4664 superbiae,
1069 4573 1199 4640 honoris
1230 4581 1393 4641 0100000

94 4680 195 4753 hume
218 4683 381 4750 humanae
395 4684 431 4748 in
453 4704 489 4748 ss
511 4681 753 4764 demonstravit,
776 4681 846 4747 0100
862 4680 979 4769 quibus
999 4699 1165 4768 nunquam
1181 4671 1393 4755 0000001011,

91 4784 257 4878 11000010
278 4785 368 4854 bivio
399 4808 536 4854 versans
570 4785 644 4853 Deo
674 4795 707 4853 01
735 4806 940 4855 mammonae
972 4785 1096 4854 servire
1124 4783 1256 4872 cupivit
1308 4776 1395 4844 Vera
