2946 5086
151 186 194 258 'ld

145 364 304 445 habitent,
328 362 386 427 sed
408 360 450 427 de
471 362 603 430 civitate
625 362 789 446 recedant,
819 369 852 429 et
872 382 1039 450 nunquam
1052 358 1192 450 amplius
1216 359 1432 447 suscipiantur.

232 468 330 550 Item;
353 468 387 530 in
410 467 471 532 hoc
492 468 592 533 etiam
610 466 807 533 unanimiter
828 467 1066 533 consentimus:
1098 452 1264 541 eumsua
1287 463 1431 550 Majestas

146 572 250 658 Regia
273 571 421 636 dominus
451 581 562 637 noster
583 556 841 658 gratiosissimus¹
870 571 1021 656 dignatus
1050 564 1097 634 ¹sit
1125 568 1222 645 nobis
1245 568 1431 655 promittere,

148 675 235 764 quod
257 696 317 740 nos
340 697 451 740 omnes
473 676 508 739 in
528 673 603 757 fide,
624 673 752 751 ritibus,
774 662 932 739 laudabili
954 672 1190 738 consuetudine
1222 679 1255 736 et
1270 672 1349 759 jure
1369 693 1432 735 con-

150 800 281 844 servare
302 777 391 858 velit,
410 861 413 865 .
431 776 519 864 quod
556 779 654 843 stiam
676 798 737 853 nos
770 798 849 862 erga
872 776 971 842 Suam
992 776 1197 863 Majestatem
1221 780 1357 862 regiam,
1390 787 1431 843 ut·

148 891 223 971 pote
234 881 485 948 haereditarium
497 880 663 946 dominum
686 888 833 946 nostrum
856 881 1137 966 gratiosissimum,
1159 879 1303 959 fideliter
1325 892 1357 947 et
1378 884 1433 946 sin.

151 1009 225 1051 cere
247 1006 361 1070 gerere
382 983 531 1065 velimus,
555 983 589 1047 id
607 984 705 1070 juxta
726 984 808 1048 alios
831 991 932 1047 status
955 983 1177 1066 observantes,
1204 994 1238 1049 ut
1260 968 1436 1073 quicunque

150 1089 250 1156 vellet
283 1095 337 1152 aut
357 1087 480 1152 vellent
502 1087 587 1153 Suae
602 1087 767 1174 Majestati
793 1087 918 1172 Regiae
939 1109 1059 1152 nocere
1080 1088 1135 1153 vel
1159 1089 1298 1174 aggredi
1319 1092 1353 1155 in
1373 1113 1436 1177 per·

153 1215 241 1275 sona,
274 1200 330 1256 aut
358 1191 464 1274 bonis,
499 1190 585 1277 quod
621 1189 720 1255 Suam
741 1189 877 1276 Regiam
900 1190 1115 1278 Majestatem,
1151 1213 1210 1279 pro
1232 1191 1434 1280 possibilitate

155 1307 266 1364 nostra
297 1298 381 1361 tueri
417 1305 450 1359 et
471 1294 648 1361 defendere
676 1295 824 1380 velimus,
862 1309 894 1364 et
916 1300 961 1362 ita
985 1318 1044 1361 nos
1067 1317 1192 1382 gerere,
1228 1298 1315 1362 sicut
1334 1296 1466 1383 fidelesq

153 1402 299 1468 subditos
334 1401 438 1482 decet,
477 1410 686 1487 sperantese
720 1409 841 1485 contra,
878 1403 965 1490 quod
988 1401 1054 1468 Sua
1074 1401 1178 1486 Regia
1200 1400 1356 1488 Majestas
1386 1388 1463 1465 nos-'³

156 1515 268 1572 eontra
297 1503 447 1569 infideles
478 1513 510 1568 et
540 1526 691 1570 erroneos
714 1503 862 1570 homines
885 1528 989 1594 aeque
1012 1503 1197 1587 defendere,
1221 1511 1255 1568 et
1271 1524 1337 1569 non
1358 1503 1430 1566 dese·
1455 1486 1465 1507 ⁵

155 1633 229 1676 rere
252 1608 448 1694 dignabitur,
472 1616 504 1672 et
523 1630 583 1672 nos
605 1617 715 1696 utpote
737 1631 798 1675 rex
822 1609 1015 1675 christianus
1038 1611 1073 1674 in
1096 1607 1257 1674 similibus
1280 1607 1426 1694 adjuvare.

237 1712 337 1797 Item;
374 1711 522 1777 volumus
567 1722 599 1777 et
621 1714 851 1796 consentimus,
887 1715 914 1778 si
949 1713 1027 1801 quid
1073 1712 1168 1778 nobis
1199 1710 1429 1798 quibuscunque

155 1819 283 1885 clericis
307 1826 340 1881 et
363 1815 593 1899 saecularibus,
617 1815 772 1881 divitibus
794 1816 848 1882 vel
870 1816 1068 1904 pauperibus
1091 1814 1133 1880 ob
1156 1823 1304 1879 nostrum
1335 1833 1429 1901 propo·
1463 1870 1466 1875 .

158 1923 265 1999 situm,
290 1943 353 2009 quo
377 1920 600 1986 confusionem
634 1928 667 1984 et
689 1920 910 1986 diversitatem
944 1919 1021 1985 fidei
1053 1918 1298 2006 impedivimus,
1332 1916 1429 1981 malum
1459 1924 1466 1963 ’ἱ

155 2027 327 2091 imminere
349 2023 492 2105 deberet,
516 2024 602 2111 quod
623 2047 683 2090 nos
706 2026 848 2090 invicem
880 2024 1031 2089 deserere
1053 2023 1203 2106 nolimus,
1234 2022 1294 2087 sed
1316 2019 1429 2088 consilio

157 2137 189 2194 et
212 2128 333 2193 auxilio
357 2128 513 2216 adjuvare
535 2130 761 2215 promittimus.

243 2233 344 2317 Item;
383 2234 568 2320 quicunque
591 2256 610 2298 a
632 2233 727 2299 nobis
750 2242 846 2298 antea
878 2239 1098 2313 recesserunt,
1137 2230 1309 2297 civitatem
1340 2241 1370 2296 et
1387 2251 1430 2294 nos

158 2346 360 2425 spernentes,
383 2359 490 2424 neque
513 2335 652 2423 amplius
675 2337 717 2402 ad
739 2360 799 2402 nos
821 2337 1005 2419 redeuntes,
1045 2355 1123 2422 erga
1144 2334 1219 2401 illos
1247 2359 1307 2402 nos
1329 2337 1372 2400 ita
1391 2354 1431 2420 ge·

158 2463 231 2507 rere
253 2441 412 2525 volumus,
436 2450 472 2506 ut
494 2463 549 2506 eos
571 2442 802 2529 relinquamus,
827 2464 933 2528 neque
955 2439 1093 2527 amplius
1116 2448 1332 2527 acceptemus.

243 2545 342 2631 Item;
377 2546 452 2610 dum
490 2554 620 2609 senatus
653 2546 804 2610 renovari
827 2544 984 2625 debuerit,
1007 2544 1204 2608 unanimiter
1226 2543 1432 2619 conclusimus,

158 2660 195 2716 ut
216 2650 312 2740 hujus
336 2673 434 2715 causa
470 2649 552 2713 nulli
573 2648 786 2736 particulares
810 2656 988 2713 conventus
1020 2646 1209 2731 habeantur,
1247 2657 1280 2715 et
1301 2670 1364 2714 non
1383 2666 1432 2710 an·

160 2756 245 2843 plius
279 2763 394 2840 agatur
427 2762 459 2817 et
480 2752 682 2836 decernatur,
720 2753 775 2839 qui
798 2751 840 2816 ad
864 2751 1055 2817 electionem
1077 2753 1191 2817 venire
1213 2751 1362 2834 debeant,
1387 2770 1432 2813 neo

161 2882 212 2942 ne,
237 2859 293 2923 sed
317 2867 412 2945 prout
442 2857 601 2923 ordinatio
625 2856 709 2922 Suae
731 2856 912 2943 Majestatis
945 2858 1065 2942 regiae,
1096 2857 1171 2945 piae
1195 2858 1370 2922 memoriae
1389 2876 1432 2919 ex·

157 2956 264 3045 bibet,
286 2972 458 3049 postquam
476 2961 688 3027 communitas
711 2962 911 3043 convenerit,
934 2970 1011 3025 tunc
1034 2973 1165 3048 agatur3
1192 2983 1270 3024 nam
1293 2963 1321 3026 si
1333 2957 1432 3026 occulte
1464 2956 1466 2991 ³

160 3067 195 3131 in
218 3065 404 3153 particulari
423 3066 504 3131 haec
525 3088 578 3130 res
601 3067 656 3150 agi
679 3064 822 3145 deberet,
852 3063 1037 3129 laederetur
1067 3065 1217 3130 voluntas
1241 3064 1327 3131 Suae
1347 3063 1427 3148 Maje·
1460 3090 1464 3101 =

162 3172 263 3253 statis,
278 3172 373 3259 quod
395 3171 568 3256 diligenter
591 3169 829 3235 observandum
853 3179 910 3250 est,
934 3191 975 3234 ne
998 3169 1214 3234 admisceatur
1237 3168 1328 3252 illud,
1365 3160 1429 3252 quod
1459 3160 1462 3167 '

161 3299 226 3343 non
249 3277 350 3345 decet.
1457 3358 1460 3363 Ι

248 3380 345 3465 Item;
369 3401 448 3466 quas
472 3385 602 3442 senatus
619 3399 776 3464 personas
799 3380 1013 3461 annotaverit,
1036 3377 1098 3443 hae
1121 3385 1285 3459 maneant,
1298 3399 1358 3443 nec
1368 3373 1430 3461 quis·

164 3507 260 3571 quam
297 3484 379 3549 alios
414 3481 579 3547 adscribat
618 3483 687 3547 sine
722 3484 805 3547 scitu
840 3491 872 3546 et
898 3482 1064 3548 voluntate
1088 3483 1185 3547 totius
1208 3491 1348 3547 senatus.
1386 3473 1431 3556 Qui

163 3613 241 3655 vero
266 3597 383 3654 statuto
407 3596 516 3653 nostro
540 3587 781 3652 contravenerit
803 3595 836 3652 et
857 3588 922 3674 ipsi
945 3586 1117 3674 probatum
1139 3585 1249 3663 fuerit,
1272 3609 1331 3673 pro
1351 3579 1431 3673 prodi·

163 3705 234 3761 tore
255 3693 422 3773 habeatur,
446 3691 541 3756 etde
564 3691 794 3756 communitate
817 3691 957 3756 tollatur.

250 3802 348 3883 Item;
383 3800 460 3863 dum
483 3795 639 3882 eligentes
664 3794 835 3881 eliguntur,
867 3798 931 3860 sint
954 3815 1111 3880 personae
1133 3794 1227 3877 tales,
1252 3817 1334 3882 quae
1354 3794 1384 3858 in
1401 3809 1433 3854 er

164 3906 292 3972 roribus
317 3903 457 3989 suspecti
479 3923 544 3965 non
568 3909 651 3981 sunt,
677 3900 734 3964 sed
758 3900 862 3965 bonae
885 3900 991 3964 famae
1014 3909 1046 3962 et
1069 3897 1264 3964 conditionis
1284 3899 1418 3965 existant.

251 4009 350 4092 Item;
385 4008 569 4094 quicunque
601 4007 657 4093 jus
681 4005 777 4070 civile
800 4027 965 4069 assumere
987 4004 1068 4085 vult,
1092 4003 1256 4088 articulos,
1279 3998 1435 4091 dequibus
1463 3996 1466 4029 ³

166 4119 251 4181 inter
272 4136 331 4178 nos
356 4112 577 4192 convenimus,
614 4133 634 4173 a
656 4111 760 4197 primo
793 4131 896 4196 usque
931 4108 973 4172 ad
991 4096 1154 4172 ¹ultimum
1189 4128 1322 4173 servare
1354 4100 1440 4173 debeb¹

169 4221 306 4309 illosque
327 4220 419 4298 tueri,
445 4225 476 4280 et
500 4216 554 4303 qui
576 4217 727 4280 inventus
750 4214 857 4295 fuerit,
882 4213 968 4300 quod
992 4235 1047 4276 ore
1070 4211 1268 4298 profiteatur,
1291 4233 1383 4300 opere
1399 4228 1438 4274 au·

171 4330 235 4386 tem
259 4324 354 4388 aliter
377 4329 463 4406 agat,
488 4330 520 4384 et
542 4319 632 4400 illud,
656 4318 782 4405 dequo
807 4318 1037 4393 conclusimus,
1059 4315 1200 4381 ludibrio
1225 4316 1368 4398 haberet,
1399 4308 1437 4378 vel

173 4426 311 4513 amplius
335 4428 531 4513 loqueretur,
555 4433 651 4510 prout
668 4427 738 4510 jam
762 4424 883 4488 dictum
907 4432 966 4504 est,
990 4443 1124 4507 nempe:
1160 4420 1282 4503 credat,
1306 4414 1440 4508 quivult,

170 4542 202 4599 et
225 4534 514 4620 quomodocunque
551 4531 637 4613 vult3
672 4540 727 4593 aut
765 4552 837 4592 cum
860 4528 1045 4593 Pickhartis
1069 4526 1298 4592 conventicula
1318 4524 1443 4599 haberet,

174 4640 258 4703 sicut
281 4636 383 4723 aliqui
407 4640 502 4702 etiam
527 4637 638 4702 domos
663 4634 822 4699 emebant:
847 4633 920 4698 talis
944 4633 1052 4697 statim
1074 4640 1109 4696 ut
1132 4653 1175 4695 ex
1196 4630 1280 4697 urbe
1302 4627 1429 4696 recedat.

252 4741 339 4806 Item
376 4743 464 4806 omni
487 4762 573 4806 anno
606 4741 640 4804 in
662 4739 874 4804 renovatione
897 4743 1028 4802 senatus
1051 4733 1134 4801 haec
1155 4744 1269 4802 nostra
1303 4732 1444 4804 ordinatio
