2946 5086
150 151 213 223 112

145 328 332 395 renitentias
353 326 405 392 his
428 327 594 415 oppositas
625 324 756 414 quidam
777 333 956 403 tacuerunt,
990 334 1023 391 et
1054 325 1154 392 finem
1177 328 1428 417 qualemcunque

147 440 343 498 eteventum
359 430 596 518 exspectarunt,
620 452 694 495 cum
716 428 861 525 amplius!
876 431 1028 494 resistere
1049 453 1115 496 non
1138 435 1312 519 potuerint,
1336 433 1429 498 donec

146 534 272 601 adhoc
295 534 488 616 devenisset,
520 534 608 621 quod
629 534 703 598 illos
732 534 884 619 princeps
908 555 946 596 eo
969 535 1176 619 persuaserit,
1218 545 1254 601 ut
1276 536 1329 600 vel
1351 546 1428 600 tace-

146 648 202 704 ant
229 647 284 704 aut
313 661 505 705 consensum
538 638 723 725 praebeant
759 637 833 703 Hoc
866 646 974 702 autem
1010 638 1172 703 silentium
1195 662 1255 726 pro
1279 661 1430 721 consensu

145 744 327 831 assumpsit,
350 766 424 809 cum
438 765 556 830 nempe
572 766 645 808 cum
657 741 877 828 Pragensibus
899 742 961 806 hoc
983 765 1042 828 pro
1058 766 1094 807 re
1116 744 1263 831 perfecta
1286 753 1318 807 et
1336 753 1429 808 trans·

145 855 227 923 acta,
250 869 289 911 ac
317 856 406 911 recto
429 869 590 928 cqnsensu
613 847 708 911 simul
728 856 774 911 -et
795 868 853 931 pro
878 845 1030 910 concluso
1064 849 1269 912 comitiorum
1282 846 1431 914 ‚habuerit

147 964 179 1016 et
201 952 381 1037 sumpserit.
427 951 522 1032 Quod
544 962 651 1016 autem
674 951 754 1015 alias
776 951 874 1016 urbes
897 953 1019 1034 attinet,
1044 974 1101 1016 seu
1124 952 1294 1037 ablegatos
1318 976 1428 1035 earum,

145 1053 179 1119 hi
190 1076 226 1119 se
236 1054 313 1120 hinc
334 1055 410 1120 inde
433 1065 594 1123 vertentes
618 1057 834 1137 nesciverunt,
858 1077 940 1141 quae
962 1077 1059 1141 agere
1079 1056 1228 1123 debeant.
1275 1056 1427 1144 Princeps

147 1168 254 1225 autem
282 1161 353 1247 jam
381 1162 472 1249 prius
504 1160 656 1248 providit,
702 1183 743 1224 ne
775 1160 859 1229 ullus
895 1181 1006 1225 eorum
1043 1183 1116 1224 cum
1146 1160 1280 1226 domino
1296 1150 1429 1227 'Joanne

147 1263 281 1330 Hlavvsa
302 1286 361 1353 pro
394 1275 472 1332 ωηο
506 1265 612 1330 adhuc
639 1265 752 1352 judice
786 1264 880 1329 aulae
917 1274 949 1329 et
970 1262 1105 1330 Nicolao
1130 1262 1264 1331 Soborff
1282 1289 1341 1352 pro
1364 1276 1432 1333 ωηο

147 1367 278 1459 inance
300 1369 526 1455 praesentibus
550 1370 691 1457 colloqui
724 1371 859 1457 possint,
899 1370 1015 1441 timens
1039 1370 1119 1434 haec
1141 1369 1205 1434 duo
1237 1354 1347 1459 capita
1375 1393 1432 1435 non

147 1471 230 1537 adeo
244 1473 373 1557 'exigua
403 1482 434 1537 et
455 1482 630 1560 postrema,
663 1497 705 1538 ne
737 1496 809 1539 cum
846 1473 1053 1539 consiliariis
1072 1476 1138 1539 suis
1171 1473 1433 1561 impedimentum

146 1576 307 1662 quoddam
328 1578 363 1640 in
385 1577 436 1643 his
461 1588 603 1643 causent.
649 1578 693 1643 Et
715 1582 744 1642 si
766 1578 838 1665 quis
861 1601 934 1642 cum
956 1579 1078 1643 eisdem
1105 1577 1309 1665 loquebatur,
1345 1594 1432 1665 prout

92 1672 97 1679 ’
144 1680 340 1746 Zatecenses
374 1691 406 1745 et
436 1681 502 1765 alii,
539 1682 625 1747 hunc
656 1682 833 1769 quemlibet
862 1705 976 1748 severe
1010 1683 1220 1770 compescuit,
1255 1683 1432 1753 nescientes

144 1784 263 1875 itaque,
287 1806 349 1870 quo
373 1807 408 1850 se
431 1796 559 1852 vertere
582 1786 732 1864 debeant,
756 1786 937 1852 debuerunt
960 1786 1090 1872 quidam
1114 1809 1187 1850 cum
1216 1787 1433 1873 Pragensibus

146 1887 273 1953 dicere:
297 1884 413 1955 Amen.
458 1891 523 1957 Sed
546 1915 611 1956 non
634 1913 688 1957 ore
712 1914 779 1956 suo.
824 1891 908 1956 Nam
943 1893 998 1978 qui
1020 1891 1113 1956 alteri
1134 1890 1238 1956 invito
1262 1891 1372 1958 cibum
1393 1894 1433 1956 in·

145 2002 272 2079 gratum
292 1994 327 2059 vi
348 1996 513 2061 intrudere
536 1996 605 2061 vult
638 2005 693 2061 aut
727 1995 871 2077 intrudit,
906 1995 1079 2060 difficulter
1101 1994 1221 2059 deinde
1251 1994 1341 2061 bunc
1374 1995 1431 2077 ille,

146 2098 199 2161 cui
233 2097 415 2182 intruditur,
439 2101 509 2164 sine
542 2102 665 2165 vomitu
697 2100 831 2185 digeret.
892 2098 1039 2163 Tandem
1072 2100 1224 2186 princeps
1276 2102 1432 2166 constituit

144 2205 298 2269 relatores
320 2201 435 2266 horum
457 2204 660 2269 comitiorum
682 2226 741 2291 pro
763 2202 856 2288 regni
879 2201 996 2267 tabulis
1019 2204 1144 2279 ratione
1167 2202 1266 2290 hujus
1283 2204 1429 2284 conclusi,

145 2316 255 2395 utpote
293 2308 340 2373 rei
368 2307 572 2373 inordinatae
602 2307 643 2372 ob
674 2315 798 2393 partem
830 2307 1034 2389 contrariam,
1070 2292 1102 2371 et
1136 2305 1268 2393 quidem
1291 2308 1334 2375 de
1357 2316 1429 2372 statu

145 2411 357 2494 dominorum,
380 2411 546 2478 dominum
567 2412 729 2476 loannem
752 2410 793 2475 dc
814 2409 1054 2495 Wartemberg,
1076 2432 1135 2497 pro
1154 2419 1231 2475 tunc
1250 2432 1425 2499 supremum

144 2515 385 2603 burggravium,
421 2525 453 2580 et
484 2516 526 2579 de
558 2525 642 2581 statu
673 2516 813 2601 equestri
844 2514 1009 2579 dominum
1039 2513 1227 2578 Henricumt
1241 2515 1380 2592 Hlotels‚
1402 2522 1427 2578 et

145 2622 293 2709 quamvis
314 2620 503 2686 relationem
541 2620 625 2684 banc
656 2618 837 2684 indebitam
870 2608 960 2684 adire
989 2618 1138 2683 reluctati
1159 2619 1292 2704 fuerint,
1330 2629 1424 2685 tamen

144 2728 248 2791 minas
271 2748 290 2789 a
310 2725 459 2812 principe
480 2734 613 2813 propter
635 2745 747 2809 regem
770 2723 881 2807 factas,
913 2723 1091 2806 audientes,
1125 2721 1312 2789 debuerunt
1334 2744 1423 2790 reme·

145 2835 234 2900 dium
256 2832 401 2898 debitum
435 2838 467 2895 et
487 2828 693 2916 prudentiam
716 2827 882 2910 adhibere,
918 2828 1016 2891 etita
1038 2827 1104 2914 sej
1155 2836 1187 2892 ta
1220 2827 1419 2902 voluntatem,

145 2938 275 3004 nomine
304 2936 402 3020 regis,
436 2957 455 2999 a
485 2932 679 3020 quibusdam
717 2930 894 3019 expetitam
928 2952 1042 3016 gerere
1076 2940 1109 2995 ct
1129 2930 1323 2997 relationem
1340 2933 1420 3019 juxta

146 3038 410 3107 consuetudinem
431 3036 473 3102 ad
494 3036 588 3122 regni
610 3034 736 3100 tabulas
759 3034 928 3123 expedire,
966 3034 1051 3099 bene
1074 3036 1224 3121 scientes,
1261 3036 1348 3125 quod
1367 3034 1423 3109 illa,

145 3147 228 3212 sicut
239 3144 322 3210 telae
335 3164 525 3209 araneorum
548 3142 728 3206 constantia
750 3141 856 3206 futura
878 3140 951 3204 sint.
975 3139 1087 3204 Totius
1110 3148 1217 3204 autem
1242 3140 1339 3230 hujus
1354 3149 1420 3205 trac·

144 3259 229 3317 tatus
252 3257 285 3315 et
306 3247 450 3315 conclusi
473 3247 674 3313 comitiorum
697 3245 775 3312 ordo
798 3246 832 3309 in
855 3243 1006 3310 clausulis
1030 3253 1061 3309 et
1082 3243 1194 3311 verbis
1223 3243 1420 3343 'sequentibus

146 3356 337 3422 continetur.

707 3567 852 3634 CAPUT
874 3570 904 3632 4.

151 3719 211 3781 uus
233 3693 443 3778 rescribuntur
467 3717 588 3776 comnia
609 3717 710 3775 ussus
732 3735 809 3774 anno
830 3711 953 3772 nomini
980 3710 1070 3768 1525.
1093 3707 1152 3767 seu
1175 3729 1235 3771 non
1260 3711 1418 3789 assmpsit,

442 3825 498 3864 nec
520 3804 689 3864 servatam
712 3803 844 3862 articulis
868 3798 1027 3875 ordinatim
1049 3797 1165 3873 positis.

231 3988 369 4054 Comitia
397 3988 593 4055 universalia
623 3989 657 4052 in
692 3988 817 4053 tabulas
851 3986 942 4070 regni
965 3985 1129 4070 inscripta,
1165 4004 1247 4067 quae
1271 3983 1420 4061 celebrata

145 4091 274 4157 fuerunt
297 4095 383 4158 circa
416 4094 503 4159 diem
526 4094 748 4158 conversionis
787 4092 819 4157 S.
844 4089 934 4154 Pauli
974 4091 1007 4153 iu
1044 4110 1118 4152 arce
1153 4086 1312 4171 Pragensi
1349 4104 1420 4153 anno

146 4194 268 4262 domini
293 4198 377 4264 1525
400 4207 461 4263 etc.
1388 4282 1391 4287 ‚

165 4284 167 4289 ¹
230 4300 322 4386 Item,
346 4301 433 4390 quod
455 4301 623 4366 concernit
654 4299 824 4365 articulum
859 4298 955 4381 huuc,
989 4296 1045 4360 ubi
1069 4296 1134 4361 Sua
1156 4294 1313 4381 Majestas
1335 4290 1422 4378 Regia

146 4401 297 4489 dignatur
319 4429 378 4470 nos
412 4405 512 4470 laicos
550 4413 581 4469 et
603 4404 735 4487 olerum,
768 4413 865 4487 atque
888 4403 933 4465 ita
956 4422 1068 4464 omnes
1101 4407 1201 4463 status
1224 4398 1322 4483 hujus
1343 4391 1423 4482 regni

145 4507 321 4574 Bohomiae
343 4511 530 4594 admonere,
551 4519 586 4574 ut
607 4518 740 4597 propter
756 4518 964 4594 augmentum
980 4515 1012 4581 et
1027 4505 1309 4569 conservationem
1324 4518 1422 4568 sacrae

143 4612 220 4679 fidei
242 4613 436 4680 christianae
468 4616 566 4702 juxta
586 4624 801 4700 ,compactata
823 4614 857 4675 in
881 4611 997 4676 bonam
1021 4607 1235 4692 concordiam,
1284 4625 1422 4682 amorem,

144 4719 284 4803 gratiam
308 4727 340 4784 et
360 4719 513 4785 unionem
545 4719 701 4784 ineamus.
746 4714 818 4782 Tali
840 4717 950 4802 itaque
971 4713 1066 4781 modo
1088 4710 1294 4781 dominorum
1323 4722 1422 4789 status,
