2946 5086
1318 232 1382 300 293

1338 426 1379 461 a.

660 482 767 570 Caput
789 481 820 547 6.
1320 426 1372 476 pg

92 566 189 641 laquo
206 570 338 640 mihitur,
356 569 427 639 quod
438 583 484 622 rer
496 569 642 623 ladovicus
661 571 763 623 comitia
776 564 895 620 omuibus
913 564 1021 620 statibus
1032 566 1125 621 Colinii
1143 570 1312 633 constitnerit,

124 644 159 695 ad
177 655 248 709 qnae
265 639 411 710 Prageuses
430 646 457 691 et
473 654 564 693 omnes
582 639 670 692 exules
689 640 762 692 citari
776 636 853 704 jussit
870 643 920 687 etc.
946 635 1059 689 Tandem
1078 638 1148 705 quod
1166 639 1313 691 discordiae

124 712 195 764 inter
211 709 346 763 dominnm
363 707 427 761 bevv
444 715 470 761 et
488 707 618 761 dominnm
637 709 780 762 Heurieum
798 713 996 773 componantur.
1030 703 1093 758 ltem
1113 706 1231 759 dominus
1249 705 1315 760 Levv

124 781 236 846 intimat,
257 786 378 848 quantum
406 789 539 828 numerum
567 779 682 844 equitnm
700 774 845 844 Pragenses
870 773 1001 855 babeant;
1029 775 1055 826 in
1080 774 1174 841 quibua
1201 777 1313 828 comitiis

124 847 190 901 nibil
208 847 353 901 afficientes
371 848 462 899 iterum
489 845 670 899 discesserunt.
702 843 765 898 ltem
782 843 811 894 tit
838 850 935 895 mentro
954 843 987 894 de
1005 841 1084 895 fratre
1103 841 1222 897 biatbia.
1260 881 1268 898 .
1304 842 1381 898 ,187

659 911 767 1000 Caput
790 911 820 978 7.

100 996 192 1072 laquo
211 1001 376 1068 describitur,
394 1001 524 1071 quomodo
549 1001 696 1071 Prageuses
723 1015 769 1051 sna
796 999 847 1051 alte
864 1004 954 1066 petant
978 1008 1005 1056 et
1023 1012 1069 1066 per
1092 996 1317 1068 archiepiscopum

126 1073 359 1142 Ostregonreusem
387 1071 466 1123 malta
513 1070 638 1125 erliciant.
671 1068 785 1121 Tandem
819 1065 889 1135 quod
905 1065 988 1120 Turca
1017 1069 1044 1119 in
1062 1066 1192 1137 ilungaria
1224 1066 1317 1121 damna

124 1142 236 1213 grandia
255 1142 401 1193 causaverit
420 1148 446 1192 et
458 1087 629 1208 Belegradum
643 1139 840 1258 erpupnaverit‚
859 1143 885 1187 et
903 1137 974 1202 quod
993 1151 1037 1189 rex
1051 1135 1198 1189 Ludovicus
1216 1136 1316 1188 lamen-

123 1210 242 1264 tabiliter
259 1217 285 1261 et
302 1223 350 1276 per
367 1209 451 1262 Deum
469 1210 608 1276 rogaverit,
635 1215 663 1259 nt
680 1209 703 1259 ei
724 1221 765 1257 em
783 1204 890 1258 Bobemi
909 1207 1029 1258 auritium
1047 1205 1167 1257 tribuant.
1201 1203 1315 1257 Tandem

124 1281 171 1348 qni
188 1277 225 1331 ad
243 1279 437 1344 expeditionem
467 1276 533 1328 banc
559 1277 661 1339 iverint,
687 1291 746 1326 cunr
773 1273 921 1326 nominibus
948 1273 1059 1342 illorum,
1086 1276 1217 1342 quomodo
1249 1274 1315 1327 baec

123 1363 216 1419 pugna
234 1355 341 1416 peracta
358 1347 434 1401 inerit
452 1353 479 1399 et
495 1359 541 1398 rer
558 1344 709 1478 Lndovicbas
726 1343 871 1476 intprigverit
923 1378 1317 1401 ..........
1336 1341 1388 1397 190

695 1434 759 1499 apu
817 1459 824 1474 .

91 1497 141 1558 Ubi
159 1503 315 1572 explicatur,
341 1500 471 1624 puomodo
499 1502 643 1554 amicastu
659 1500 819 1553 necessitate
843 1500 968 1566 cognosci
991 1498 1081 1554 soleat.
1115 1498 1229 1552 Tandem
1247 1476 1321 1569 post-

125 1589 207 1644 quam
225 1571 323 1624 Turcae
364 1571 441 1624 udam
459 1576 662 1641 expugnassent,
681 1567 744 1637 quid
761 1567 859 1619 ibidem
878 1569 1041 1622 causaverint
1059 1577 1111 1624 etc.
1142 1567 1204 1622 item
1222 1570 1274 1621 vita
1293 1576 1320 1620 et

124 1642 276 1711 benignitas
305 1644 378 1710 regis
404 1639 530 1693 badonici
558 1639 694 1708 exponitur
718 1644 745 1688 et
773 1635 901 1701 laudatur,
929 1650 996 1702 quac
1025 1637 1097 1690 illum
1123 1636 1157 1690 ad
1187 1639 1318 1691 interitum

126 1711 252 1782 perduxit
270 1738 1316 1764 .........................
1335 1703 1387 1761 194

472 1953 677 2052 LIBER
703 1953 1025 2060 QUARTUS.
1128 1940 1135 1953 ’

91 2164 150 2231 De
180 2161 340 2229 electione
367 2156 551 2227 archiducia
573 2156 727 2224 Austriaa
748 2157 951 2224 Fordinaudi
978 2160 1013 2224 in
1034 2164 1146 2247 regem
1170 2156 1390 2224 abdominum

94 2275 194 2364 regni
223 2273 410 2356 Bobeminn,
435 2279 468 2338 et
492 2292 575 2359 quae
596 2279 741 2360 tempore
763 2270 910 2357 ejusdem
940 2272 1109 2359 regiminis
1139 2271 1227 2337 domi
1248 2270 1396 2356 forisque

96 2386 185 2454 facta
207 2387 280 2453 siut.
303 2386 386 2453 Item
408 2384 449 2451 de
470 2384 685 2472 despectuosa
707 2384 906 2473 relegatione
920 2385 1008 2453 Galli
1024 2383 1200 2468 Ozaherae
1224 2405 1283 2473 pro
1307 2395 1388 2448 tune

103 2496 386 2582 administratoris,
421 2521 463 2564 ex
492 2494 642 2564 omnibus
677 2497 773 2564 torris
806 2498 938 2584 regiis3
968 2499 1046 2564 item
1074 2498 1222 2586 magistri
1250 2496 1388 2562 Joannis

104 2612 224 2682 Passek
247 2634 293 2679 ex
316 2611 450 2678 civitate
471 2610 630 2697 Pragensi
653 2619 686 2677 et
708 2611 749 2678 de
770 2611 844 2677 aliis
866 2609 979 2677 multis
991 2634 1093 2701 nsque
1105 2611 1256 2680 adfinem
1270 2609 1386 2675 horum

533 2724 728 2791 tumultuum
749 2726 974 2814 Pragensinm.

669 2881 776 2972 Caput
797 2884 824 2949 1.

112 2963 201 3042 laquo
217 2978 331 3035 notatur,
350 2968 421 3037 quod
448 2974 507 3036 post
531 2979 640 3024 mortem
663 2975 733 3041 regis
759 2972 886 3025 ludovici
904 2971 1013 3026 Bobemi
1038 2971 1142 3036 comitia
1169 2967 1326 3024 celebranda

136 3040 319 3094 constituerint
336 3039 363 3089 in
380 3052 440 3090 arce
458 3036 588 3108 Pragensi.
624 3039 687 3093 ltem
706 3042 838 3108 quomodo
866 3040 982 3109 sepultus
1002 3039 1080 3093 inerit
1103 3055 1150 3093 rer
1168 3038 1325 3092 ludovicus.

136 3110 251 3165 Tandem
271 3109 304 3161 de
323 3106 453 3160 electione
471 3109 533 3160 novi
550 3110 621 3178 regis
634 3108 809 3175 Ferdinandi3
825 3112 889 3164 item
907 3109 941 3162 de
959 3109 1109 3164 dimissione
1128 3124 1160 3162 ea
1173 3106 1323 3161 carceribus

137 3180 224 3234 fratris
242 3177 353 3230 lutitiae
374 3174 469 3231 1526:
500 3210 1324 3236 ....................
1344 3172 1397 3226 198

666 3245 775 3336 Caput
795 3248 826 3313 2.

104 3322 204 3403 laquo
222 3333 367 3385 insinnatur
391 3331 423 3385 de
442 3331 554 3400 quodum
580 3333 717 3387 sacerdote
735 3337 894 3401 Hieronymo
918 3334 1033 3403 parocho
1051 3332 1086 3386 ad
1102 3333 1128 3388 S.
1147 3334 1258 3408 Gallum,
1285 3331 1329 3400 qni

138 3407 230 3460 literas
248 3404 352 3470 scripsit
371 3401 442 3454 fratri
459 3401 584 3470 blatbiae‚
603 3415 635 3454 er
654 3405 802 3461 carceribus
821 3405 927 3458 dimisso
973 3438 1325 3460 .........
1345 3398 1398 3453 200

675 3470 783 3562 Caput
802 3472 832 3537 3.

101 3549 158 3616 Ubi
177 3558 300 3617 scribitur
317 3572 469 3627 responsum
488 3555 573 3612 fratris
590 3557 701 3616 blatbiae
720 3562 754 3614 ad
771 3563 858 3616 literas
876 3559 1063 3630 suprascriptas
1082 3569 1124 3616 etc
1126 3596 1331 3621 ......
1350 3553 1402 3609 202

672 3627 780 3718 Caput
800 3631 831 3697 4„

94 3705 233 3786 Ejusdem
250 3714 336 3771 fratris
353 3712 463 3768 llatbiae
480 3713 611 3768 literarum
630 3720 788 3771 continuatio
807 3751 1329 3774 .............
1349 3714 1402 3770 204

98 3865 279 3928 coadunatio
296 3869 426 3927 literarum
444 3868 529 3924 fratris
549 3868 661 3928 blachiae
679 3785 786 3930 'Capiti
807 3786 837 3928 ,δ’
850 3909 1115 3929 .......
1132 3900 1159 3940 s,
1193 3909 1200 3925 .
1232 3896 1255 3931 ,·
1280 3909 1287 3925 .
1322 3871 1402 3927 ,205

669 3942 776 4032 Caput
796 3943 828 4008 6.

95 4015 172 4085 Item
190 4028 374 4081 continuantur
389 4027 481 4081 literae
509 4025 593 4083 fratris
616 4031 736 4085 biatbiae.
771 4031 836 4084 item
864 4029 897 4083 de
924 4026 1037 4098 quodum
1054 4029 1161 4083 Nicolao
1180 4028 1326 4094 Wietenai,

143 4107 169 4153 et
187 4095 264 4149 Clara
283 4096 360 4149 vidua
408 4131 1324 4158 ......................
1343 4096 1395 4154 907

640 4215 643 4219 ·
676 4167 784 4258 Caput
806 4168 834 4234 7.

100 4240 161 4306 libi
177 4253 322 4305 insinuatur
340 4253 373 4304 de
392 4254 436 4307 illo
455 4252 563 4307 Nicoiuo
584 4253 721 4309 Wietenai
739 4265 766 4309 et
785 4254 860 4308 Clara
879 4267 1022 4308 oeconoma
1040 4253 1105 4324 ejus,
1124 4255 1212 4322 quiin
1231 4256 1331 4307 curium

148 4323 234 4374 vocati
261 4336 348 4373 coram
367 4324 486 4376 omnibus
504 4322 577 4376 laicis
595 4333 621 4376 et
640 4324 742 4378 clericis
771 4327 798 4377 iu
816 4337 909 4392 magno
928 4337 1036 4374 numero
1055 4323 1219 4391 congregatis
1239 4325 1330 4376 edixe-

145 4391 194 4442 rint
213 4398 239 4443 et
257 4406 334 4457 quam
352 4389 431 4444 iidem
450 4393 562 4461 professi
579 4391 684 4463 fuerint,
702 4394 747 4447 ubi
777 4393 874 4444 domiai
901 4391 975 4445 Pilati
993 4404 1098 4458 semper
1129 4392 1192 4442 alias
1222 4391 1338 4461 aliasque

147 4461 312 4526 quamtioues
330 4459 379 4512 illis
396 4468 598 4531 proposuerunt,
626 4471 652 4514 et
671 4463 741 4530 quod
758 4461 834 4514 simul
860 4461 966 4527 quidam
996 4459 1120 4511 sacerdos
1139 4456 1251 4511 eundem
1272 4463 1339 4516 male
1354 4527 1407 4582 210

146 4528 294 4580 tractaverit
348 4567 354 4579 .
423 4562 1335 4586 ......................

678 4599 786 4685 Caput
807 4603 837 4666 8.

63 4700 79 4779 p
113 4673 163 4734 lttt
179 4690 302 4766 narratur,
321 4685 381 4765 dum
400 4683 522 4739 Nicotaus
541 4685 679 4740 Wietenai
696 4695 723 4739 et
742 4685 815 4738 Clara
834 4685 868 4737 ad
886 4683 1045 4767 supplicium
1061 4682 1131 4736 ducti
1141 4682 1256 4751 fuerunt,
1276 4683 1340 4765 quid

151 4754 248 4804 cardam
269 4752 373 4804 dommo
391 4753 484 4821 llynek
504 4756 684 4824 rertnonsty
702 4757 850 4824 contigerit3
880 4753 954 4806 simul
976 4753 1059 4822 qualis
1089 4756 1234 4807 constantia
1253 4755 1342 4818 tuens,

1227 2810 1231 2815 '
1337 2824 1399 2876 aaa·

132 4882 137 4891 ,
152 4834 205 4873 11111
225 4823 395 4878 admiratione
407 4827 573 4895 percipietur
591 4858 1344 4890 ,,,,,,,,,,,,,,,,,,
1360 4819 1412 4875 212
