2946 5086
1301 169 1379 245 ,263

92 356 126 413 et
147 345 191 412 de
212 344 307 412 bonis
339 343 408 407 suis
429 339 615 427 ejectiones,
637 337 680 405 ad
700 336 759 403 illa
786 336 990 420 accedentes,
1022 358 1097 405 cum
1128 337 1210 404 haee
1230 339 1380 410 voluntas

90 450 181 538 regis
205 450 256 532 sit,
278 455 315 513 ut
336 445 377 512 de
398 443 450 509 his
472 441 644 510 discordiis
676 440 890 509 amicabiliter
911 450 1036 528 agatur,
1066 441 1153 530 quod
1174 444 1256 512 nibil
1276 447 1382 514 immi·

91 554 150 621 nui
172 551 238 619 illis
260 549 388 634 debeat,
418 550 446 614 si
469 546 548 637 quid
568 545 723 630 debitum,
753 545 923 613 honestum
949 555 982 612 et
1009 547 1166 634 possibile
1195 551 1382 638 contingere

93 668 129 726 et
149 657 301 725 accidere
322 654 475 740 deberet3
498 651 557 720 ubi
577 651 650 719 illos
683 660 751 719 tota
772 651 983 719 communitas
1013 654 1121 740 quiete
1150 663 1183 721 et
1204 658 1384 728 amicabili·

92 774 145 831 ter
167 761 371 844 audiverunt,
400 757 532 826 tandem
560 758 647 826 votis
678 758 764 823 inter
797 779 833 822 se
867 756 952 823 datis
984 758 1180 826 unanimiter
1208 771 1240 829 et
1271 774 1386 852 pacate

93 890 212 936 omnes
233 868 269 932 in
290 865 354 932 boc
375 870 603 946 convenerunt,
630 870 666 927 ut
686 883 740 929 res
762 861 844 928 haec
873 863 999 928 senatui
1019 864 1055 929 in
1083 873 1275 951 potestatem
1297 869 1387 938 defe-

93 981 199 1057 ratur,
222 978 258 1037 ut
278 992 353 1037 cum
376 969 500 1036 eisdem
522 975 630 1055 agant,
652 975 815 1055 rogantes,
837 973 873 1033 ut
893 966 1033 1035 finaliter
1054 972 1236 1057 terminent,
1269 973 1388 1041 adden·

94 1089 162 1164 tes,
185 1074 272 1166 quod
293 1097 359 1142 non
380 1082 504 1141 tantinn
525 1096 600 1140 cum
622 1073 773 1140 exulibus
788 1071 978 1140 concordari
1000 1082 1032 1141 et
1052 1079 1255 1164 comportari,
1274 1100 1389 1147 uerum

97 1187 201 1252 etiam
234 1203 309 1249 cum
332 1179 482 1247 omnibus
514 1179 681 1267 tranquilli
716 1188 748 1247 et
781 1180 882 1268 quieti
915 1202 987 1246 esse
1016 1180 1118 1247 velint
1148 1190 1180 1248 et
1215 1185 1391 1252 amicitiam

96 1291 223 1358 bonam
246 1307 377 1352 servare
399 1284 578 1350 intendant
622 1284 667 1350 Et
687 1283 766 1351 dum
787 1285 834 1350 ita
855 1283 1008 1351 conclusa
1029 1284 1167 1352 fuissent
1188 1297 1221 1352 et
1242 1287 1304 1355 hcc
1324 1310 1391 1356 res·

97 1413 241 1484 ponsum
264 1388 540 1456 dominoHlawsa
561 1410 635 1454 cum
657 1387 729 1455 aliis
752 1387 928 1473 dedissent,
950 1388 1140 1457 rediverunt
1152 1391 1269 1459 iterum
1291 1391 1392 1459 domi·

98 1519 164 1564 nus
187 1495 320 1562 Hlawsa
341 1517 415 1561 cum
446 1493 520 1563 aliis
554 1498 621 1563 suis
652 1494 696 1561 ad
728 1497 851 1562 curiam
872 1492 1221 1584 Vetere-Pragensem,
1251 1505 1284 1564 et
1315 1496 1394 1564 dum

101 1602 146 1670 ob
170 1600 333 1668 defectum
355 1610 534 1668 conventus
555 1601 654 1667 totius
684 1601 922 1668 communitatis
944 1602 979 1668 in
1001 1603 1091 1669 ouria
1113 1601 1231 1668 Vetere
1252 1600 1394 1689 Pragen·

102 1709 133 1773 si
155 1705 239 1774 nihil
262 1705 390 1772 efficere
411 1706 585 1795 potuerint,
607 1704 802 1772 distulerunt
821 1705 903 1773 haec
924 1706 959 1772 in
972 1708 1157 1794 proximum
1179 1705 1267 1773 diem
1287 1705 1394 1784 lunae,

103 1819 138 1878 et
159 1808 202 1876 ad
224 1809 413 1897 diligentem
436 1809 622 1876 citationem
652 1831 763 1876 eorum
793 1818 988 1878 conventum
1010 1809 1247 1877 communitatis
1277 1809 1313 1876 in
1332 1818 1394 1876 ter·

103 1917 186 1982 tiam
207 1913 295 1981 diem
317 1922 392 1980 ante
424 1912 543 1979 festum
565 1912 675 1980 Sancti
696 1912 847 1999 Tiburtii,
880 1916 964 1981 sicut
984 1915 1081 1982 etiam
1110 1912 1239 1981 illarum
1261 1922 1397 2002 quatuor

104 2040 318 2111 personarum
351 2017 527 2084 adventum
557 2026 590 2084 et
619 2017 886 2106 comparitionem
920 2020 1162 2086 constituerunt
1211 2017 1397 2106 Antequam

106 2147 188 2193 vero
222 2123 437 2190 communitas
458 2121 704 2189 Neo-Urbensis
733 2145 776 2190 cx
805 2124 894 2190 curia
922 2123 1138 2207 discessisset,
1170 2131 1240 2189 tam
1268 2131 1397 2190 senatus

103 2227 350 2297 Ne0·Urbensis
384 2249 427 2293 ex
449 2249 507 2294 suo
529 2227 638 2293 medio
668 2236 702 2293 et
729 2250 773 2293 ex
794 2230 1024 2295 communitate
1053 2229 1151 2294 etiam
1182 2234 1307 2294 certum
1337 2249 1396 2292 nu·

104 2353 232 2400 merum
261 2351 474 2420 personarum
505 2330 718 2416 insinuantes,
752 2330 839 2419 quod
866 2330 916 2397 illi
937 2333 972 2397 in
1004 2330 1066 2398 hoc
1098 2329 1239 2398 foederis
1267 2331 1396 2419 scripto,

105 2438 194 2526 quod
215 2437 337 2502 lactum
357 2433 427 2519 fuit,
450 2435 534 2500 inter
556 2457 668 2501 omnes
689 2443 764 2522 post
785 2434 843 2502 hos
864 2435 1028 2518 turnultus,
1062 2437 1118 2522 qui
1147 2434 1303 2524 descripti
1325 2443 1400 2501 sunt

105 2546 142 2609 in
164 2541 248 2608 libro
276 2540 381 2627 primo
404 2561 474 2628 cap.
504 2540 565 2625 24,
589 2549 675 2607 stare
697 2548 730 2604 et
757 2561 980 2627 perseverare,
1012 2562 1120 2628 neque
1142 2561 1178 2607 se
1201 2540 1299 2627 juxta
1319 2537 1400 2606 illud

105 2647 250 2735 dirigere
270 2644 380 2712 velint.

645 2834 792 2903 CAPUT
813 2839 865 2906 26.

110 3015 174 3078 Ubi
196 3010 375 3087 insinuatur,
404 3014 474 3074 dum
496 3015 693 3074 communitas
715 3014 877 3094 Pragensis
908 3015 1072 3077 incuriam
1102 3017 1194 3078 citata
1207 3014 1280 3090 luit,
1310 3022 1344 3074 ut
1366 3016 1403 3074 de

110 3101 315 3163 transactione
344 3120 411 3160 cum
444 3101 580 3162 exulibus
602 3109 719 3178 agatur,
752 3120 841 3176 quam
872 3099 1035 3163 difficulter
1055 3103 1169 3165 Passek
1202 3112 1233 3165 et
1265 3098 1350 3180 Zy'lra
1371 3100 1403 3160 in

113 3189 229 3251 curiam
260 3188 363 3247 venire
394 3191 528 3265 persuasi
565 3188 681 3248 fuerint.
738 3188 875 3248 Tandem
908 3192 1009 3264 quales
1042 3191 1145 3252 literae
1178 3210 1197 3248 a
1231 3189 1404 3265 quibusdam

112 3277 285 3354 proceribus
308 3275 339 3332 in
362 3275 477 3336 curiam
499 3283 528 3334 et
549 3277 587 3335 ad
610 3275 849 3334 communitatem
871 3275 979 3337 missae
1000 3274 1121 3340 fuerint.
1159 3278 1236 3337 Item
1258 3275 1405 3354 quomodo

110 3362 233 3423 Passek
253 3361 379 3422 sollicite
410 3361 655 3440 interpellaverit,
684 3369 718 3418 nt
738 3361 860 3421 insimul
889 3382 991 3424 omnes
1021 3363 1053 3421 in
1089 3364 1259 3442 subscripto
1287 3363 1406 3423 foedere

113 3457 315 3528 perseverent,
353 3456 471 3509 etcum
503 3448 767 3508 Neo-arbensibus
800 3448 907 3508 iterum
941 3450 978 3508 de
1000 3451 1109 3511 unione
1144 3458 1245 3528 agant,
1266 3472 1281 3509 e
1303 3455 1406 3509 contra

115 3555 194 3612 quae
215 3535 331 3597 Passek
354 3538 483 3596 adversa
505 3534 656 3612 suffragiis
679 3536 742 3596 suis
766 3535 869 3595 audire
898 3535 1044 3611 debuerit,
1066 3547 1188 3617 propter
1210 3555 1286 3612 quae
1308 3535 1407 3615 capite

470 3628 500 3682 et
519 3623 640 3684 auribus
662 3623 799 3684 demissis
822 3623 979 3684 incesserit
1001 3631 1055 3684 etc.

205 3776 270 3841 Die
292 3774 387 3840 lunae
410 3773 539 3840 tandem
562 3776 763 3864 praescripto
795 3777 948 3842 convenit
970 3775 1183 3840 communitas
1217 3775 1252 3839 in
1288 3794 1406 3860 magno

117 3903 253 3947 numero
286 3881 320 3946 in
344 3881 433 3946 curia
455 3879 758 3968 Vetere-Pragensi,
791 3878 886 3947 simul
909 3879 1005 3946 etiam
1039 3880 1180 3968 supremi
1202 3874 1315 3944 turbae
1336 3899 1406 3942 ma·

119 3992 215 4082 gistri
237 3997 270 4055 et
290 3985 441 4053 authores
473 3984 572 4049 totius
595 3983 819 4070 dissensionis,
852 4007 969 4073 nempe
991 3991 1058 4052 tota
1080 3983 1176 4050 turba
1205 3980 1262 4047 illa
1283 3978 1407 4047 Passek

119 4097 312 4175 adhaerens,
345 4088 440 4156 simul
462 4089 628 4176 cumipse
649 4089 783 4173 Passek,
814 4112 910 4177 quem
941 4087 1105 4179 adjutores
1136 4087 1206 4172 ejus
1227 4087 1264 4152 in
1285 4085 1408 4150 curiam

119 4204 224 4271 ferme
244 4205 374 4288 portare
404 4191 593 4277 debuerunt,
626 4193 779 4260 incedere
813 4195 900 4260 enim
933 4203 1011 4260 tunc
1028 4194 1100 4282 ipse
1132 4213 1198 4258 non
1219 4197 1345 4279 poterat
1366 4188 1408 4257 ob

119 4305 343 4376 infirmitatem
365 4321 464 4384 suam,
498 4305 531 4363 et
552 4320 671 4385 magno
693 4307 810 4366 conatu
831 4297 1041 4365 auxiliatores
1063 4298 1134 4387 ejus
1155 4318 1214 4386 pro
1236 4294 1293 4361 illo
1313 4294 1409 4360 mise·

120 4425 198 4490 runt
218 4418 254 4482 in
274 4408 419 4492 Tabim,
442 4404 528 4497 quod
549 4403 671 4471 bonum
707 4405 738 4470 ei
769 4402 961 4492 pertinebat,
984 4401 1088 4471 tribus
1102 4399 1294 4468 milliaribus
1304 4399 1411 4486 Prega

120 4526 258 4605 distans,
291 4535 388 4605 quem
408 4514 467 4580 vix
486 4515 725 4601 persuaserunt,
758 4515 793 4573 ut
821 4529 857 4573 se
877 4507 1017 4594 Pragam
1048 4506 1126 4575 vehi
1142 4503 1298 4594 jusserit3
1335 4524 1410 4569 con·

121 4626 262 4702 scientia
299 4618 386 4687 enim
417 4615 549 4706 propria
584 4611 774 4680 remordens
806 4611 837 4678 ei
868 4609 981 4679 oberat
1018 4621 1049 4677 et
1081 4610 1124 4678 ad
1159 4604 1411 4698 comparendum

121 4727 306 4806 resistebat.
340 4723 424 4791 Nam
446 4742 639 4814 praegresso
661 4715 891 4805 dieMercurii,
911 4714 968 4786 ubi
988 4716 1022 4784 in
1045 4715 1274 4787 communitate
1295 4709 1411 4789 adesse
