2902 5086
85 170 131 239 22

85 342 234 431 personis
258 344 288 407 ei
311 340 472 429 adjunctis
495 338 618 404 olerum
653 348 778 426 regant,
808 345 841 401 et
874 336 1035 415 ordinent,
1065 346 1103 403 ut
1132 358 1195 426 pro
1229 334 1365 424 exemplo¹

83 448 148 511 sint
167 446 263 529 bono,
285 445 405 531 populo
426 444 501 525 Dei,
524 444 611 508 vitae
631 444 753 530 probae
776 450 808 505 et
829 443 863 505 in
885 440 1037 527 dogmate
1059 442 1144 529 legis
1168 441 1309 507 divinae.

168 675 424 741 Administrator
456 674 512 739 ille
540 678 727 739 universum
761 675 883 738 clerum
906 674 965 738 sub
988 682 1127 759 utraque
1149 672 1261 759 specie
1289 692 1355 737 con·

84 782 319 847 municantium
351 781 446 865 regni
479 778 666 861 Bohemiae,
697 789 730 843 et
760 778 1002 842 marchionatus
1035 776 1207 841 Moraviae
1239 775 1357 839 eitetot

90 991 145 1077 qui
168 987 334 1051 emendari
355 1009 420 1050 non
452 986 588 1073 possint,
619 996 675 1049 aut
704 1007 739 1049 se
773 982 944 1048 emendare
982 982 1096 1064 nolint,
1125 982 1306 1067 puniantur,
1332 986 1355 1045 a

87 1093 195 1157 officio
218 1090 360 1155 clericali
382 1090 551 1177 priventur
584 1098 681 1177 atque
703 1088 856 1153 alimenta
878 1086 1044 1153 laboribus
1067 1107 1225 1151 manuum
1240 1106 1350 1150 suarum

85 1196 240 1281 deinceps
271 1204 436 1281 quaerant.
481 1192 635 1279 Reliquos
664 1214 742 1258 vero
776 1214 889 1256 omnes
921 1191 1104 1273 admoneat,
1139 1200 1268 1255 etcum
1293 1212 1350 1254 eon·

86 1299 217 1364 siliariis
241 1301 307 1362 suis
330 1298 451 1385 adigat,
475 1310 511 1363 ut
532 1309 644 1387 utpote
666 1298 779 1365 fideles
803 1298 925 1363 Christi
948 1301 1034 1363 servi
1048 1300 1083 1362 in
1111 1298 1263 1384 operibus
1279 1296 1353 1387 justis

85 1411 118 1468 et
139 1403 290 1489 dogmate
312 1425 391 1468 vero
413 1404 599 1491 persistant,
623 1413 655 1468 et
677 1404 773 1491 hujus
796 1403 959 1489 dogmatis
982 1401 1170 1488 exemplum
1192 1402 1257 1489 ipsi
1277 1420 1351 1489 prae·

83 1504 192 1589 beant,
226 1503 416 1571 scandalum
439 1528 535 1571 omne
558 1508 691 1591 evitent,
721 1507 767 1571 ita
787 1515 823 1570 ut
845 1506 965 1592 dogma
987 1514 1020 1571 et
1042 1504 1244 1591 praedicatio
1265 1524 1352 1569 eoruu

89 1632 163 1675 cum
184 1612 253 1676 vita
275 1618 307 1672 et
327 1608 481 1690 moribus,
505 1618 538 1673 et
558 1611 626 1675 vita
650 1632 761 1675 eorum
789 1632 863 1675 eum
884 1609 1127 1697 praedicatione
1162 1619 1196 1673 et
1229 1610 1351 1697 dogmate

87 1712 305 1789 concordent3
337 1721 374 1777 ut
404 1714 502 1777 etiam
536 1714 645 1801 quivis
675 1714 818 1779 decenus
852 1722 942 1778 certo
984 1722 1131 1802 tempore
1164 1714 1284 1779 clerum
1312 1708 1353 1777 sub

88 1817 192 1905 ipsius
215 1815 392 1881 directione
414 1818 618 1893 existentem,
650 1820 736 1902 citet,
770 1826 872 1905 regat,
902 1827 934 1882 et
964 1820 1112 1903 instruat,
1148 1816 1303 1907 quomodo
1330 1832 1353 1877 se

86 1942 200 2007 gerere
224 1919 373 2002 debeant,
395 1930 432 1984 ut
454 1943 552 2008 supra
574 1921 697 1985 dictum
728 1929 786 1985 est.
832 1922 868 1987 Si
900 1923 973 2009 quis
1000 1945 1079 1989 vero
1110 1924 1157 1987 ita
1191 1942 1286 2007 agere
1311 1939 1352 1982 ne·

87 2023 236 2111 glexerit,
260 2033 293 2088 et
315 2024 438 2088 decano
461 2046 518 2088 suo
542 2024 675 2089 obedire
697 2025 847 2108 noluerit,
872 2024 1014 2090 decanus
1049 2027 1215 2094 tenebitur
1237 2022 1351 2090 admini-

89 2128 218 2191 stratori
242 2136 274 2192 et
296 2126 489 2192 consiliariis
513 2128 659 2215 ejusdem
681 2128 937 2195 inobedientiam
958 2129 1045 2195 hanc
1067 2132 1232 2197 intimare.

104 2442 107 2447 Ι
175 2358 274 2443 Item,
297 2359 384 2446 quod
417 2362 583 2427 concernit
615 2362 802 2453 capellanos
834 2370 868 2428 et
900 2362 1037 2429 clericos
1060 2365 1221 2452 juniores,
1249 2354 1354 2451 quid

92 2461 348 2551 praedicandum
369 2463 506 2530 verbum
527 2465 594 2531 Dei
618 2465 725 2532 adhuc
754 2469 824 2555 apti
854 2489 919 2532 non
954 2476 1037 2549 sunt,
1067 2468 1117 2533 illi
1149 2467 1238 2555 apud
1266 2466 1354 2532 docus

88 2568 233 2633 seniores
256 2567 392 2633 elericos
426 2568 628 2637 detineantur
663 2578 695 2635 et
715 2571 915 2635 instruantur
956 2580 1053 2658 atque
1086 2572 1182 2637 citius
1215 2594 1273 2660 pro
1301 2586 1355 2633 eon·

93 2671 240 2735 cionibus
277 2670 426 2736 dicendis
456 2695 522 2737 non
544 2673 764 2757 admittantur,
797 2675 861 2737 nisi
885 2678 966 2739 bene
1003 2674 1111 2741 edocti
1144 2683 1178 2740 et
1209 2666 1355 2763 approbati

87 2771 216 2857 fuerint,
263 2782 295 2838 et
327 2774 487 2839 indultum
516 2784 613 2863 atque
642 2776 806 2841 licentiam
834 2776 974 2867 desuper
1008 2801 1028 2843 a
1062 2777 1250 2866 supradicto
1277 2772 1355 2841 admi-

86 2881 260 2947 nistratore
289 2890 321 2945 et
343 2882 538 2948 consiliariis
560 2886 631 2971 ejus
654 2883 863 2949 obtinuerint.

174 3114 279 3201 Item3
302 3117 331 3181 si
352 3116 593 3183 administrator
615 3139 688 3185 eum
711 3117 907 3183 consiliariis
930 3118 997 3183 suis
1030 3115 1195 3202 quendam
1218 3116 1260 3183 de
1282 3108 1354 3179 cleri·

90 3220 138 3284 cis
161 3229 217 3285 aut
237 3229 327 3285 motu
347 3222 489 3308 proprio,
522 3222 575 3285 vel
606 3221 648 3285 ad
676 3223 867 3308 petitionem
899 3220 1102 3308 quorundam
1134 3217 1355 3287 territoritslitssIl

87 3322 273 3408 instituerit,
305 3324 361 3387 ille
384 3325 454 3387 sine
478 3325 562 3388 scitu
585 3332 617 3389 et
648 3325 813 3389 voluntate
836 3325 1106 3389 administratoris
1130 3334 1162 3387 et
1184 3319 1358 3388 consiliario

90 3448 163 3491 rum
186 3429 227 3493 de
248 3428 304 3492 illo
338 3426 409 3492 loco
440 3427 611 3493 discedere
639 3448 706 3492 non
738 3427 871 3513 audeat,
905 3430 934 3493 si
967 3430 1040 3514 quis
1070 3450 1149 3494 vero
1182 3425 1357 3493 censorium

90 3533 203 3617 egerit,
226 3540 259 3595 et
281 3530 391 3596 eloco
415 3532 517 3595 seita
547 3533 695 3613 moverit,
725 3530 782 3596 ille
809 3532 845 3596 in
877 3538 1070 3616 potestatem
1097 3525 1353 3597 administratoris

87 3643 121 3701 et
141 3634 399 3701 consiliariorum
422 3635 493 3719 ejus
507 3635 582 3698 sine
598 3637 686 3699 omni
700 3635 955 3700 contradictione
970 3642 1004 3696 et
1017 3634 1253 3720 impedimento
1270 3632 1359 3717 eujus·

90 3760 217 3827 cunque
239 3737 281 3801 de
303 3736 440 3801 statibus
462 3735 615 3801 tradattu.
658 3738 784 3818 Quodsi
806 3738 897 3803 loeus
922 3735 1055 3821 quidam
1087 3741 1244 3805 remotior
1270 3731 1361 3805 fucrit

86 3851 119 3908 et
140 3840 274 3907 difficile
296 3838 413 3903 incolis
435 3840 516 3925 ipsis
537 3840 635 3905 fuerit
656 3841 698 3906 de
719 3841 777 3906 tali
799 3839 918 3905 clerico
940 3837 1118 3921 sollicitari,
1152 3852 1232 3908 tuno
1252 3837 1364 3907 incola

87 3945 137 4011 illi
158 3968 228 4012 rem
249 3944 334 4008 hane
355 3941 489 4025 decano,
513 3942 655 4009 decanus
685 3964 763 4010 vero
794 3941 1058 4025 administratori,
1090 3944 1143 4011 vel
1172 3968 1232 4032 per
1250 3947 1360 4017 litere,

86 4058 142 4113 aut
174 4045 391 4136 personaliter
421 4044 562 4129 deferat,
593 4056 625 4111 et
655 4048 702 4112 ita
730 4066 805 4111 oum
842 4042 1008 4130 voluntate
1041 4046 1312 4115 administratoris
1339 4044 1370 4107 et

89 4152 346 4217 consiliariorum
368 4151 555 4216 conservari
576 4148 708 4217 debent.

170 4382 273 4470 ltem;
305 4386 392 4473 quod
415 4391 533 4451 statim
561 4382 755 4465 clericalem,
786 4389 820 4446 et
840 4383 1079 4469 susceptionem
1102 4384 1173 4471 ejus
1196 4382 1370 4455 concernit,

84 4489 305 4553 necessarium
326 4488 457 4555 videtur
479 4511 561 4565 esse,
582 4510 625 4553 ne
648 4487 735 4553 ullus
750 4488 873 4573 absque
889 4487 1064 4553 sufficienti
1079 4489 1216 4554 scientia
1232 4498 1265 4553 et
1280 4489 1370 4575 hujus

85 4588 218 4679 praevio
240 4594 417 4658 tentamine
439 4594 642 4680 suscipiatur,
673 4593 791 4659 tentari
812 4598 931 4674 autem,
961 4601 994 4658 et
1014 4591 1188 4679 approbari
1218 4616 1238 4657 a
1267 4608 1370 4676 saepe·

83 4692 173 4761 dicto
213 4690 477 4761 administratore
511 4704 544 4761 et
576 4696 771 4762 consiliariis
804 4696 873 4783 ejus
904 4716 979 4763 oum
1012 4694 1188 4764 sufficienti
1218 4696 1370 4764 deutero·
