2946 5086
1320 170 1383 243 tat

96 345 230 414 officere
250 343 333 411 nihil
343 345 493 434 potuerit,
503 351 537 412 et
547 343 590 413 ad
605 364 689 436 quae
700 342 781 410 sein
805 342 1037 410 communitate
1047 363 1122 411 cum
1135 342 1209 412 aliis
1223 341 1385 425 obtulerit,

96 474 181 542 quae
203 450 387 538 Pragenses
409 452 575 538 suscipere
589 450 774 533 noluerunt,
788 454 980 514 revocantes
1002 445 1244 514 seinaniterad
1263 469 1385 535 regem,

95 558 123 624 si
144 575 268 643 nempe
287 555 569 642 rexpra'eceperit
590 555 664 621 Rex
679 575 753 620 cum
771 549 962 619 consiliariis
974 551 1041 617 suis
1063 550 1144 619 baec
1165 549 1386 639 considerans,

95 660 184 748 quod
217 660 401 746 Pragcuscs
437 660 526 726 omni
551 680 656 748 aequo
678 667 710 725 et
739 658 829 746 justo
852 653 1084 739 contradicant,
1106 663 1139 721 et
1161 656 1195 720 in
1217 678 1276 722 suo
1298 656 1385 726 malo

93 764 276 855 proposito,
311 771 407 853 prout
451 765 654 852 inceperunt,
697 761 908 851 pertinaciter
942 769 1171 848 perseverent,
1209 760 1388 829 extradidit

95 866 252 937 omnibus
290 866 440 933 exulibus
471 866 596 934 salvum
630 865 824 934 conductum
860 863 902 930 de
937 863 1013 930 dato
1046 863 1101 930 die
1136 864 1275 934 Veneris
1311 877 1387 957 post

95 973 220 1040 festum
229 969 261 1038 S.
268 969 431 1037 Bonifatii
439 969 505 1058 (11.
516 970 607 1060 Jun.)
616 970 762 1060 ejusdem
771 968 849 1036 anni
863 966 958 1051 1529,
965 988 1069 1056 usque
1079 966 1122 1033 ad
1140 971 1278 1038 actionis
1288 973 1385 1062 hujus

95 1078 218 1154 finem,
248 1085 285 1141 ut
320 1074 407 1163 apud
435 1096 554 1141 uxores
576 1084 608 1141 et
628 1074 738 1163 proles
761 1095 836 1140 suas
858 1073 894 1138 in
915 1070 1064 1137 domibus
1087 1082 1120 1139 et
1139 1072 1237 1141 bonis
1260 1078 1329 1144 suis
1350 1080 1386 1146 in

94 1180 253 1248 omnibus
275 1177 459 1245 civitatibus
481 1177 699 1265 Pragensibus
721 1187 753 1244 et
778 1176 965 1263 ubieunque
993 1174 1073 1241 alibi
1104 1175 1252 1245 habitare
1274 1188 1307 1246 et
1329 1203 1389 1248 sua

92 1282 233 1369 negotia
253 1281 356 1349 libere
377 1291 516 1348 tractm
536 1284 673 1372 possint,
696 1283 767 1348 sine
788 1281 878 1346 omni
899 1278 1036 1347 aliorum
1055 1278 1299 1369 impedimento,
1311 1307 1385 1352 cum

93 1387 294 1474 exceptione
315 1393 424 1451 umen
440 1385 536 1474 juris,
559 1386 589 1452 si
618 1387 691 1472 quis
720 1384 794 1451 illos
827 1385 861 1450 in
882 1406 919 1451 re
951 1382 1091 1470 quadam
1120 1407 1258 1473 arguero
1278 1389 1388 1458 vellet.

93 1491 165 1574 Qui
187 1489 296 1557 salvus
318 1488 497 1556 conductus
519 1488 597 1555 dum
617 1488 733 1554 allatus
754 1489 879 1572 luisset,
901 1488 936 1552 in
959 1509 1022 1576 quo
1034 1490 1143 1556 omnia
1153 1489 1286 1559 foedera
1311 1494 1388 1561 Pra-

94 1596 250 1684 gensinm
271 1615 332 1660 rex
348 1593 524 1687 ¹abrogavit
543 1602 576 1659 et
597 1595 738 1660 cassavit
748 1615 808 1659 sua
820 1594 912 1680 regia
921 1601 1090 1680 potestate,
1111 1596 1148 1660 in
1161 1615 1292 1681 quaese
1317 1619 1386 1664 sae·

94 1703 176 1791 pius
207 1710 442 1766 revocaverant
471 1706 505 1763 et
523 1696 741 1782 firmaverant,
773 1706 852 1763 tunc
873 1695 927 1762 die
948 1695 1061 1763 Martis
1083 1705 1158 1764 ante
1179 1699 1337 1787 vigiliam
1349 1699 1383 1768 S.

97 1805 241 1872 Joannis
261 1802 428 1892 Baptistae
442 1799 611 1891 (saites.)
632 1809 852 1869 convocarunt
873 1800 1058 1886 Pragenses
1078 1802 1113 1866 in
1133 1811 1270 1890 unaque
1293 1803 1383 1872 omia

97 1909 224 1975 Vetero
236 1905 503 1973 etNeo·Urbensi
514 1906 786 1989 communitatem,
810 1913 842 1972 et
853 1904 997 1972 dumille
1018 1903 1128 1971 salvus
1150 1904 1330 1973 conductus
1345 1906 1389 1974 ad

95 2012 364 2080 communitatem
385 2012 421 2076 in
441 2010 538 2077 Nova
570 2010 702 2076 civitate
724 2009 850 2076 delatus
877 2007 1002 2093 fuisset,
1027 2011 1099 2078 sine
1120 2011 1209 2077 omni
1231 2009 1389 2079 dilatione

101 2124 315 2183 assenserunt
336 2123 369 2181 et
389 2114 495 2181 locum
517 2112 610 2179 salvo
632 2112 810 2179 conductui
831 2112 992 2179 dederunt
1013 2117 1084 2180 sine
1106 2114 1195 2180 omni
1218 2113 1389 2184 discordia.

98 2220 140 2287 ln
162 2219 307 2306 Antiqua
328 2240 405 2286 vero
425 2218 507 2285 urbe
528 2218 723 2304 inceperunt
744 2216 876 2305 quidam
897 2216 939 2282 de
960 2217 1086 2283 Passek
1107 2218 1267 2285 consociis
1284 2218 1390 2286 adhuc

99 2323 345 2407 contradicere,
379 2322 526 2389 utillum
556 2323 738 2390 annihilare
768 2324 903 2410 possint,
938 2319 1020 2386 nihil
1054 2329 1162 2388 tamen
1198 2323 1374 2390 effecerunt
1380 2373 1391 2410 ,

102 2450 168 2518 quo
191 2426 415 2494 habitosalvo
437 2426 600 2495 conductu
622 2449 721 2516 saepe
741 2427 901 2494 nominati
925 2433 1062 2513 quatuor
1083 2448 1157 2492 oum
1178 2426 1252 2494 aliis
1282 2427 1392 2495 exuli-

99 2534 164 2602 bus
188 2532 296 2598 statim
320 2532 461 2618 Pragam
482 2531 695 2616 advenerunt,
717 2532 811 2620 quasi
833 2552 876 2596 ex
897 2530 1086 2617 captivitate
1106 2528 1318 2619 Babylonica,
1339 2554 1391 2599 ea·

99 2638 178 2704 dem
199 2635 306 2703 adium
328 2636 382 2702 die
402 2636 446 2702 ad
467 2636 579 2704 domos
602 2646 634 2702 et
655 2637 742 2704 bona
759 2657 826 2719 sua,
848 2654 1040 2722 responsum
1062 2631 1187 2699 nullum
1208 2655 1229 2701 a
1249 2633 1391 2722 Pragcn·

103 2741 198 2809 sibus
219 2747 459 2827 exspectantes,
481 2741 516 2804 in
546 2741 754 2828 opprobrium
777 2739 980 2804 inimicorum
1004 2758 1132 2804 suorum
1170 2746 1203 2804 et
1230 2759 1297 2804 non
1319 2739 1391 2804 exi·

97 2867 200 2934 guam
222 2843 371 2910 dolorum
405 2866 536 2909 suorum
570 2844 821 2922 alleviationem,
855 2843 890 2907 in
912 2841 1047 2908 aliorum
1069 2864 1149 2910 vero
1169 2840 1257 2909 bona
1277 2840 1392 2909 faven-

96 2954 183 3018 tium
213 2970 366 3035 magnam
401 2947 667 3016 consolationem.
722 2950 946 3016 Perdurabant
974 2956 1084 3015 autem
1118 2946 1250 3035 quidam
1279 2970 1300 3013 a
1332 2968 1391 3016 suo

96 3058 212 3142 Praga
246 3053 335 3118 exitu
373 3053 407 3116 in
438 3051 671 3118 contumelioso
704 3075 762 3119 suo
796 3054 895 3120 exilio
930 3061 1040 3140 (prout
1067 3051 1216 3117 dominus
1249 3051 1393 3118 loannes

97 3158 251 3240 Eleusa,
285 3155 424 3239 Schorff,
459 3139 618 3246 Sipeelsy)
651 3178 671 3221 a
703 3156 757 3221 dic
779 3157 892 3225 Sancti
913 3156 1083 3222 Laurentii
1105 3160 1183 3223 anni
1208 3157 1294 3224 1524
1315 3178 1393 3243 qua·

96 3273 177 3330 tuor
209 3260 303 3326 annis
328 3281 401 3324 oum
435 3258 581 3342 dimidio,
604 3268 636 3324 et
656 3260 882 3326 novemdecim
904 3260 1104 3348 septimanis,
1126 3258 1183 3327 alii
1204 3282 1282 3328 vero
1315 3281 1392 3349 qua·

97 3378 177 3434 tuor
197 3365 301 3449 annis,
323 3361 506 3430 octodecim
537 3365 737 3451 septimanis,
761 3374 794 3429 et
816 3364 941 3431 duobus
964 3361 1157 3450 diebus‚alii
1178 3367 1296 3432 iterum
1310 3386 1389 3431 non-

96 3469 185 3536 nihil
217 3468 359 3536 breviori
391 3475 538 3555 tempore
583 3491 605 3534 a
637 3467 730 3534 bonis
753 3478 786 3536 et
806 3471 920 3537 amicis
943 3475 1010 3539 suis
1031 3469 1213 3537 abfuerunt.
1256 3467 1390 3535 Vetero-

97 3572 322 3660 Pragensibus
354 3592 432 3638 vero
454 3570 551 3637 valde
590 3571 764 3660 displicuit,
788 3575 874 3662 quod
902 3599 963 3643 rex
984 3597 1095 3643 eorum
1116 3572 1256 3639 foederis
1278 3571 1391 3639 literas

100 3686 266 3770 potestate
298 3699 357 3742 sua
376 3677 468 3763 regia
490 3676 726 3746 annihilaverit
736 3678 895 3746 Miserunt
906 3704 983 3770 ergo
996 3679 1101 3748 eidem
1112 3678 1223 3744 literas
1234 3676 1393 3743 Bohemo·

104 3782 304 3852 Budvicium
348 3781 390 3847 ad
431 3781 563 3846 comitia
599 3781 653 3847 die
691 3781 801 3849 Sancti
833 3785 956 3851 Kiliani
987 3786 1149 3855 celebrata
1188 3783 1244 3872 (de
1277 3779 1394 3870 quibus

102 3887 205 3979 paulo
237 3895 312 3975 post
332 3885 471 3974 dicetur)
505 3908 565 3973 per
593 3887 725 3952 nuntios
758 3887 799 3954 de
822 3898 935 3957 senatu
958 3914 1015 3958 suo
1037 3897 1196 3980 petentes,
1217 3896 1253 3953 ut
1281 3905 1394 3951 eorum

103 3991 250 4063 foederis
284 3990 395 4056 literas
417 3991 534 4056 iterum
560 3990 739 4077 confirmet,
773 3992 930 4079 dicentes,
962 3996 997 4061 in
1019 3995 1084 4061 illis
1106 4015 1179 4060 esse
1200 3991 1394 4058 christianos

101 4094 259 4167 articulos
297 4103 408 4161 conca
439 4093 586 4161 homines
615 4095 796 4163 haereticos
830 4109 863 4166 et
885 4121 1047 4184 erroneos,
1076 4097 1193 4188 quibus
1215 4095 1317 4161 literis
1338 4091 1396 4159 ite·

100 4223 177 4270 rum
210 4221 374 4267 venenum
402 4197 499 4265 melle
532 4198 698 4265 conditum
725 4201 875 4270 exulibus
896 4212 1139 4292 praepararunt,
1160 4210 1197 4269 ut
1217 4221 1253 4265 se
1273 4218 1394 4286 nempe

101 4309 156 4374 his
190 4325 349 4371 excusare
384 4302 517 4390 possint,
547 4302 633 4391 quod
666 4313 778 4371 contra
798 4307 885 4374 hunc
907 4317 1106 4375 contractum
1128 4315 1160 4373 et
1192 4325 1392 4394 consequen·
1459 4370 1468 4385 ἱ

104 4422 157 4479 ter
179 4417 292 4476 contra
313 4406 470 4473 honorem
493 4429 585 4474 suum
607 4411 855 4477 conventionem
879 4412 1082 4480 amicabilem
1094 4434 1167 4478 cum
1180 4408 1304 4477 eisdem
1323 4407 1394 4475 nul·

103 4521 172 4587 lam
196 4520 279 4585 inire
300 4517 437 4605 possint.
480 4514 586 4604 Super
607 4536 687 4602 ques
716 4536 827 4580 eorum
860 4516 970 4584 literas
999 4518 1111 4585 datum
1131 4516 1193 4583 fuit
1213 4514 1279 4581 illis
1302 4511 1391 4579 debi·
1436 4546 1438 4550 ·

103 4631 232 4691 tumet
267 4620 465 4707 condignum
492 4639 683 4706 responsum
715 4619 871 4706 scriptum
904 4622 990 4688 inter
1023 4630 1152 4689 caetera
1186 4618 1251 4686 hoc
1281 4638 1394 4683 sensu:

104 4728 193 4821 quod
222 4729 307 4797 sicut
337 4728 439 4814 prius,
472 4727 520 4794 ita
545 4734 579 4794 et
599 4746 686 4793 nunc
719 4721 800 4791 illud
823 4728 1040 4816 conscriptum
1063 4748 1174 4795 eorum
1195 4723 1309 4793 foedus
1330 4744 1394 4790 rex
