2946 5086
103 190 170 261 aot

104 364 225 448 debuit,
266 380 362 428 mane
401 359 461 426 snb
508 359 585 426 solis
633 370 704 428 ortu
740 361 900 429 discessit.
958 361 1054 451 tha
1101 362 1199 429 etiam
1240 362 1304 430 hac
1341 364 1390 430 die

103 456 255 536 Mercurii
285 486 439 555 praesens
471 485 536 530 non
569 465 690 550 aderat,
721 467 797 554 quia
824 476 892 532 tum
920 466 1107 534 Klattoviae
1137 467 1209 551 fuit,
1251 467 1306 555 qui
1339 467 1395 533 fuit

104 572 250 663 ejusdem
279 568 497 636 conscientiae
530 570 614 637 sicut
645 569 770 637 Passek
782 594 791 648 ;
822 569 953 636 tandem
984 594 1063 640 vero
1095 573 1149 640 die
1182 573 1279 641 lunae
1302 571 1393 639 ambo

102 679 138 744 in
173 675 400 742 communitate
436 683 691 761 comparuerunt
747 674 877 741 Interea
914 674 1025 742 literae
1061 678 1180 744 missae
1201 678 1336 744 filerunt
1356 676 1393 744 ad

104 781 362 849 communitatem
391 799 412 843 a
447 779 606 865 supremis
638 780 732 866 regni
765 770 953 866 capitaneis,
982 801 1100 870 nempe
1133 804 1154 847 a
1176 781 1309 848 domino
1332 784 1392 851 Ha-

103 891 205 951 nusch
236 881 354 970 Pflugh
390 881 431 948 de
465 889 550 950 statu
582 883 749 966 baronum,
773 892 806 949 et
837 881 1009 949 adomino
1030 884 1183 952 Jaroslav
1205 885 1393 978 Brosanshy

103 994 146 1060 de
168 1000 252 1058 statu
274 991 424 1080 equestri.
451 988 572 1055 Missae
594 989 691 1055 etiam
711 987 842 1054 fuerunt
862 986 973 1053 literae
997 989 1202 1077 singulariter
1223 1013 1245 1057 (
1266 993 1391 1059 domino

104 1096 282 1164 Adalberto
316 1094 358 1161 de
378 1094 558 1178 Pemstein,
582 1112 733 1180 supremo
767 1089 862 1177 regni
882 1091 1056 1178 praefecto,
1078 1096 1114 1160 in
1136 1093 1225 1160 hunc
1256 1117 1390 1181 sensum,

102 1210 140 1269 ut
160 1197 334 1287 tranquille
356 1199 545 1285 mansigant,
569 1207 602 1263 et
622 1219 682 1285 pro
704 1193 878 1262 concordia
889 1202 922 1259 et
943 1194 1099 1263 charitate
1122 1199 1278 1286 suffragia
1290 1199 1389 1285 edant,

102 1305 294 1395 praesertim
316 1302 404 1391 qnod
426 1304 541 1369 attinet
562 1301 795 1367 transactiones
817 1301 996 1368 interillos
1026 1310 1059 1367 et
1081 1302 1203 1387 exules,
1228 1326 1304 1370 cum
1325 1304 1390 1371 talis

104 1413 147 1477 sit
174 1408 321 1477 voluntas
344 1408 442 1495 regia
486 1404 633 1472 Tandem
664 1403 793 1492 quando
823 1404 924 1470 delati
957 1405 1086 1472 fuerunt
1107 1406 1201 1473 multi
1222 1409 1389 1476 articulia

97 1525 213 1581 senatu
240 1514 284 1581 ad
314 1511 588 1593 communitatem,
622 1509 717 1575 simul
751 1509 849 1574 etiam
880 1508 922 1574 de
943 1508 1009 1575 illis
1032 1517 1169 1597 quatuor
1190 1514 1341 1600 personis
1362 1522 1391 1578 et

95 1619 294 1684 insinuatum
327 1615 369 1682 de
400 1615 530 1681 illorum
561 1613 708 1679 incuria
740 1613 924 1699 praesentia
946 1620 979 1678 et
999 1615 1166 1701 petitione,
1188 1623 1225 1681 ut
1245 1616 1288 1683 ((1
1313 1640 1389 1684 com·

97 1723 289 1788 munitatem
310 1719 529 1801 admittantur,
550 1716 738 1804 ibidemque
760 1739 818 1782 sua
839 1718 1026 1782 necessaria
1047 1727 1239 1806 proponant.
1270 1721 1389 1788 Passelr

96 1848 176 1894 vero
197 1824 375 1914 proposuit,
397 1831 434 1889 ut
454 1823 559 1910 primo
582 1821 624 1887 de
645 1819 789 1887 articulis
812 1820 854 1887 ad
877 1822 1140 1887 communitatem
1161 1823 1290 1890 traditis
1320 1848 1390 1913 age-

95 1938 163 2016 tur3
198 1929 285 2018 quod
319 1930 366 1995 ita
386 1927 507 1994 factum
540 1926 610 2010 fuit,
640 1925 727 2014 quod
762 1927 797 1992 in
833 1924 1027 2011 quibusdam
1049 1927 1147 1993 rebus
1170 1930 1388 2015 convenerint,

96 2035 287 2125 praesertim
321 2042 428 2100 autem
450 2052 549 2118 agere
579 2039 656 2097 tnnc
677 2029 850 2098 voluerunt
880 2029 921 2095 de
942 2028 1070 2096 Joanne
1092 2031 1238 2112 Karban,
1261 2043 1298 2100 ut
1320 2058 1390 2102 enm

96 2147 216 2227 cogant
238 2137 281 2204 ((1
309 2137 481 2204 ratiocinia
524 2134 717 2223 deponenda
750 2134 791 2200 de
827 2132 922 2199 bonis
958 2133 1239 2215 Pheroviensibus,
1276 2136 1389 2226 quibus

97 2243 236 2310 eundem
256 2240 353 2308 turba
372 2240 429 2306 illa
450 2238 647 2306 tumultuosa
667 2237 796 2304 Passek
817 2236 998 2303 'adhaerens
1027 2236 1143 2304 lubens
1166 2240 1341 2329 privasset,
1364 2241 1390 2306 si

95 2347 167 2413 fieri
198 2345 365 2434 potuisset,
389 2343 447 2410 sed
479 2342 571 2427 haec,
594 2343 679 2409 sicut
700 2351 733 2408 et
754 2343 818 2410 alia
838 2340 904 2408 illis
940 2363 1006 2407 non
1029 2352 1264 2411 successerunt.
1307 2345 1390 2412 Tan·

96 2451 170 2518 dem
191 2472 270 2519 vero
291 2449 455 2516 maximae
478 2446 697 2515 dissensiones
719 2447 847 2514 dierunt
883 2447 925 2514 de
954 2449 1074 2537 scripta
1105 2447 1162 2516 111(
1184 2449 1389 2518 eonfoedera-

94 2556 182 2622 tione
214 2555 506 2644 supranominata,
536 2551 594 2618 ubi
622 2551 748 2619 Passek
770 2552 944 2640 diligenter
974 2551 1180 2637 admonebat,
1210 2561 1247 2620 ut
1278 2556 1313 2620 in
1335 2555 1389 2622 illo

94 2658 225 2726 foedere
267 2658 453 2748 persistant,
484 2656 560 2742 quia
592 2664 695 2722 totum
730 2657 976 2724 fundamentum
1018 2660 1088 2745 ejus
1123 2660 1160 2725 in
1195 2661 1253 2726 illo
1288 2659 1390 2728 fuerat

95 2763 224 2852 scripto,
248 2762 331 2828 sicut
354 2768 386 2826 (1
408 2758 523 2826 turbae
544 2758 641 2843 illius,
665 2767 702 2825 ut
724 2761 758 2825 in
780 2760 946 2850 prophetis
968 2758 1075 2846 falsis3
1100 2762 1170 2830 sine
1193 2788 1292 2832 causa
1313 2787 1388 2833 vero

93 2866 175 2934 baec
196 2888 262 2932 non
283 2863 431 2952 urgebat.
473 2864 557 2929 Nam
589 2862 632 2929 ad
653 2863 717 2930 hoc
737 2864 852 2932 foedus
876 2890 950 2934 cum
971 2863 1038 2930 suis
1061 2866 1314 2937 adhaerentibus
1335 2891 1387 2958 po·

92 2970 206 3062 pulum
234 2968 330 3058 hujus
363 2967 604 3034 communitatis
636 2969 808 3055 persuasit,
832 2980 867 3038 ut
888 2973 943 3040 hic
964 2975 1089 3043 loederi
1111 2974 1272 3041 accedant
1292 2995 1387 3041 manu

94 3073 246 3162 stipulata
268 3079 358 3140 tanta
379 3070 544 3155 violentia,
568 3072 620 3137 cui
642 3070 750 3139 nullus
772 3075 923 3144 resistere
945 3080 1058 3166 potuit,
1082 3079 1111 3144 si
1132 3079 1386 3166 periculumevi·

92 3187 163 3246 tare
184 3178 299 3263 voluit;
322 3176 427 3267 primo
450 3176 526 3263 quia
548 3176 701 3243 continuo
732 3177 829 3267 longo
852 3190 999 3272 tempore
1020 3185 1055 3248 in
1077 3184 1167 3249 curia
1187 3184 1309 3250 milites
1332 3185 1386 3250 sti·

92 3283 279 3373 pendiorios
317 3281 482 3366 fovebant,
506 3281 623 3369 quibus
653 3283 774 3371 populo
796 3293 953 3353 terrorem
974 3287 1184 3355 incutiebant.
1229 3286 1385 3372 Secundo,

99 3388 187 3476 quod
208 3410 347 3478 poenam
369 3387 602 3472 constituerint,
624 3389 681 3473 qui
703 3388 780 3455 huic
802 3389 925 3458 foederi
958 3392 1132 3478 resisteret,
1154 3400 1211 3459 aut
1233 3414 1269 3458 se
1291 3414 1385 3482 oppo-

96 3501 200 3578 neret,
223 3501 259 3559 ut
281 3491 406 3580 absque
428 3513 520 3558 mora
541 3513 559 3558 e
582 3492 714 3560 civitate
736 3497 979 3564 exterminetur.
1022 3500 1136 3587 Itaque
1166 3498 1269 3565 variis
1291 3507 1385 3564 terro·

96 3596 187 3664 ribus
210 3596 253 3663 ad
274 3596 357 3662 haec
378 3605 411 3663 et
432 3595 496 3662 (11(
517 3596 672 3685 populum
695 3598 864 3686 cogebant,
886 3610 922 3668 ut
942 3607 1089 3690 pervim
1111 3601 1153 3669 ad
1175 3602 1295 3680 omnia,
1308 3624 1386 3690 quae

93 3701 159 3768 illis
180 3701 381 3790 placuerunt,
418 3700 522 3767 coacti
555 3700 685 3784 fuerint,
708 3701 833 3770 occulte
856 3726 914 3771 sua
935 3710 1068 3798 propria
1096 3707 1147 3773 his
1169 3705 1384 3790 intendentes,

92 3826 159 3871 non
180 3803 387 3872 recordantes
420 3802 509 3869 illius
531 3804 687 3893 sapientis
708 3804 809 3872 dicti:
831 3807 964 3875 Nullum
985 3812 1176 3899 injuriosum
1209 3809 1385 3878 violentum

93 3917 293 3999 perpetuum.
350 3907 508 3996 Injuriam
542 3930 619 3996 ergo
643 3908 762 3998 injuria
784 3911 1065 3984 confirmaverunt.

179 4012 288 4080 Primo
318 4012 495 4080 violentam
523 4011 675 4100 injuriam
701 4015 878 4081 inferentes
911 4018 1072 4103 exulibus,
1103 4025 1216 4084 contra
1244 4019 1320 4089 illos
1352 4024 1383 4090 in

94 4117 225 4185 foedere
258 4140 293 4184 se
329 4117 597 4206 subscripserunt,
631 4140 673 4183 ne
695 4118 736 4185 ab
759 4118 820 4204 his,
857 4143 939 4208 quac
962 4123 1198 4200 concluserunt,
1221 4126 1384 4206 recedant,

93 4221 248 4289 honorem
271 4245 364 4288 suum
385 4223 420 4287 in
441 4220 492 4287 his
515 4219 707 4308 obligantes.
751 4223 899 4291 Tandem
921 4226 1006 4293 hanc
1035 4229 1187 4317 injuriam
1210 4229 1384 4298 violentam

93 4324 227 4414 reliquis
262 4327 383 4416 injuria
404 4325 651 4410 confirmarunt,
675 4336 829 4416 cogentes
863 4330 943 4397 alios
966 4331 1009 4397 ((1
1041 4332 1126 4397 hano
1156 4331 1334 4402 tassionem
1356 4343 1386 4402 et

95 4430 243 4496 effectum
265 4429 361 4519 hujus
382 4428 534 4498 foederis.
576 4429 721 4520 Ideoque
742 4432 919 4500 secundum
942 4436 1064 4503 dietum
1086 4437 1273 4505 Aristotelis
1307 4439 1385 4507 illud

94 4555 206 4601 verum
235 4543 304 4600 est:
334 4556 497 4602 venenum
526 4555 592 4601 non
625 4537 694 4623 agit
728 4537 763 4603 in
785 4561 820 4604 se
841 4539 963 4627 ipsum3
990 4540 1036 4607 sic
1066 4549 1098 4607 et
1118 4540 1169 4606 his
1193 4565 1296 4628 grave
1317 4546 1384 4630 fuit,

94 4639 193 4704 atali
214 4638 337 4706 malitia
360 4647 392 4705 et
414 4640 535 4728 injuria
555 4640 718 4720 recedere,
741 4665 783 4708 ne
805 4641 971 4732 sibiipsis
994 4647 1058 4712 sint
1087 4649 1253 4714 contrarii.
1298 4649 1384 4716 Dum

86 4740 220 4810 medem
241 4766 264 4812 a
284 4741 415 4815 Passek
438 4753 470 4814 et
493 4745 563 4835 ejus
584 4743 833 4815 adhaerentibus
855 4745 898 4814 de
928 4748 991 4816 hcc
1013 4750 1133 4837 scripto
1154 4747 1291 4820 foedere
1313 4775 1385 4843 age·
