2946 5086
153 148 270 233 raa,

32 316 35 321 ’
153 328 188 388 et
207 317 425 388 Anti-Christi
447 316 542 399 ovile,
574 323 608 385 et
628 303 672 385 ex
694 339 733 386 eo
754 316 952 426 voluntatem
983 339 1074 390 susm
1101 296 1310 412 adimpleant
1350 320 1426 390 Ideo-

152 447 217 516 que
238 446 336 513 super
356 424 438 491 tales
460 423 559 510 legati
580 422 691 491 literas
713 424 836 491 multae
866 426 1103 495 admonitiones
1126 427 1384 523 aPragensibus
1403 439 1425 493 et
1469 486 1471 491 .

153 531 226 599 aliis
260 533 291 596 ei
312 529 529 605 mittebantur.
573 525 657 594 Item
689 528 801 595 literae
835 541 1006 618 sequentes
1029 555 1050 598 a
1071 522 1264 600 consistorio
1297 543 1425 622 tempore

153 637 418 728 quadragesimae
440 635 502 701 hoe
523 657 609 703 anno
630 636 750 703 missae
772 644 856 702 sunt.

194 750 197 757 '
238 742 470 809 Salutationem
500 742 674 807 salutarem
704 743 740 806 in
761 741 901 824 Christo,
938 750 970 808 et
997 742 1032 807 in
1054 740 1205 808 o'mnibu's
1235 741 1332 809 rebus
1365 743 1423 808 obe·

154 848 309 914 dientiam
330 845 471 913 debitam
495 846 580 914 Suae
601 846 782 913 venerabili
802 847 997 913 Paternitati
1021 842 1254 934 signifieamus.
1298 847 1422 914 Venera-

153 953 228 1020 bilis
250 961 351 1042 pater.
394 951 600 1019 Venerabilis
622 953 803 1018 Paternitas
832 952 967 1039 dignata
995 952 1056 1017 fuit
1087 951 1183 1019 nobis
1205 953 1289 1019 viris
1311 955 1421 1041 spiritu·

155 1057 259 1124 alibus
294 1066 327 1124 et
357 1059 584 1125 ecelesiasticis
618 1056 850 1124 consolabssem
873 1066 906 1123 et
936 1059 1163 1125 neeessariam·
1189 1057 1420 1124 admonitionem

154 1184 213 1252 per
234 1171 338 1229 cemos
360 1167 491 1230 nuntios
518 1163 745 1247 transmittere,
784 1161 881 1228 simul
912 1184 1029 1251 nempe
1058 1163 1232 1247 laetantes,
1263 1161 1350 1248 quod
1376 1170 1423 1226 tan
1451 1168 1456 1235 j

155 1266 299 1335 notabile
327 1288 407 1356 opus
439 1270 568 1337 executi
599 1266 764 1352 fuerimus,
797 1276 833 1333 ut
855 1260 968 1355 eorpus
1000 1292 1098 1334 unum
1129 1266 1291 1333 eeclesiae
1313 1275 1421 1332 sanotae
1452 1290 1457 1387 p

155 1372 323 1439 vobiscum
347 1377 382 1440 in
403 1375 528 1439 unitate
544 1371 747 1438 obedientiae
770 1369 1069 1458 sedisapostolicae
1092 1370 1283 1437 efficiamur.
1325 1370 1370 1436 Ita
1388 1378 1425 1435 est
1455 1398 1457 1403 ·

156 1477 274 1545 Sancte
289 1478 395 1562 Pater,
418 1477 504 1566 quod
525 1475 606 1543 nihil
628 1475 788 1542 salubrius
811 1474 928 1540 Vestra
950 1472 1146 1541 venerabilis
1162 1476 1344 1542 Paternitas
1370 1497 1423 1562 spe·
1454 1408 1459 1569 l

155 1604 228 1649 rare
249 1583 360 1670 possit,
395 1591 428 1648 et
448 1580 530 1647 nihil
563 1580 759 1668 gaudiosius,
796 1588 925 1668 praeter
956 1580 991 1645 id
1014 1579 1101 1668 quod
1129 1579 1243 1666 legati,
1276 1582 1332 1668 qui
1361 1581 1427 1645 intra
1456 1580 1459 1589 '

158 1687 259 1754 breve
293 1695 420 1777 tempus
444 1682 659 1767 comittentur,
694 1683 779 1750 Suae
809 1682 992 1771 venerabili
1012 1684 1205 1750 Paternitati
1241 1684 1428 1755 intimabunt.

159 1790 257 1883 Certe
268 1790 353 1856 enim
367 1786 698 1877 regnum'Bohemiae
711 1785 746 1852 in
757 1787 850 1852 firma
860 1796 953 1875 petra
968 1789 1156 1855 veraefidei
1168 1778 1331 1871 firmatum
1343 1788 1427 1856 solun

159 1896 193 1961 id
214 1897 346 1962 unicum
368 1903 483 1978 tuetur,
506 1917 548 1979 ne
572 1915 697 1960 errores
719 1893 959 1978 contemnendi,
982 1894 1037 1981 qui
1053 1895 1145 1981 quasi
1166 1894 1284 1962 fluetus
1299 1897 1333 1961 in
1354 1896 1430 1982 aquis

158 2000 279 2089 ubique
312 2001 399 2064 cirea
432 2021 492 2064 nos
525 2021 585 2087 per
606 1999 802 2064 Teutonicas
833 1999 983 2085 regiones
1017 1998 1114 2065 valde
1149 1999 1276 2066 dilatati
1299 2010 1377 2081 sunt,
1407 2001 1432 2063 iu

158 2128 257 2171 unum
280 2104 441 2171 confluere
463 2107 598 2194 possint,
636 2124 740 2197 aeque
770 2103 852 2168 sieut
874 2103 973 2169 turris
994 2102 1195 2188 Milotensis,
1212 2104 1316 2171 Fares
1349 2105 1432 2186 dieta,

159 2213 193 2276 in
215 2209 321 2276 medio
336 2209 490 2275 fluctuum
512 2210 610 2275 maris
633 2209 806 2275 constituta
838 2209 988 2274 omnibus
1010 2210 1117 2274 nautis
1140 2208 1239 2293 lueet,
1262 2219 1296 2276 et
1317 2233 1434 2276 seeuras

159 2314 267 2383 reddit
288 2336 399 2380 omnes
421 2336 532 2396 naves,
556 2335 638 2401 quae
660 2312 702 2378 ad
725 2336 796 2379 eam
819 2313 1011 2397 confugiunt
1046 2321 1078 2378 et
1099 2313 1273 2401 appellunt
1319 2315 1434 2381 Idoireo

161 2418 558 2508 speramus-venerabilis
573 2418 679 2502 Pater,
712 2418 799 2506 quod
821 2417 956 2484 ethaeo
979 2418 1077 2483 finem
1100 2440 1192 2483 suum
1216 2419 1435 2508 adipiscentem,

161 2525 202 2592 de
224 2526 340 2614 quibus
362 2514 559 2591 ¹venerabilis
585 2524 702 2590 Vestra
722 2525 900 2613 paternitas
921 2523 1024 2590 literis
1046 2544 1106 2603 nos
1122 2523 1297 2590 oonsolata
1316 2524 1385 2608 fuit,
1414 2533 1438 2588 et

160 2631 255 2699 nobis
276 2631 425 2697 intimare
448 2628 650 2716 dignabatur,
686 2636 795 2716 atque.
816 2651 877 2694 nos
901 2650 938 2694 eo
964 2629 1135 2706 animavit,
1168 2651 1289 2719 nempe
1310 2630 1353 2694 ad
1374 2653 1440 2696 eon·

163 2737 325 2819 stantiam,
356 2734 424 2801 ‚hoe
445 2735 576 2800 unicum
601 2732 763 2799 submisse
785 2741 944 2820 petentes,
966 2741 1002 2797 ut
1023 2732 1064 2798 de
1087 2732 1334 2803 confirmatione
1355 2735 1440 2818 hujus

163 2841 264 2906 divini
297 2839 394 2905 officii
416 2839 637 2922 sollicitentur,
673 2838 709 2917 id
732 2838 836 2904 solum
857 2845 1020 2925 rogantes,
1052 2861 1095 2904 ne
1117 2838 1235 2904 Vestra
1256 2840 1441 2906 venerabilis

162 2944 343 3010 Paternitas
364 2943 445 3010 illud
467 2945 609 3030 graviter
629 2943 721 3026 ferat,
759 2943 845 3032 quod
880 2943 979 3032 legati
1012 2945 1114 3009 nostri
1135 2944 1218 3010 haee
1239 2945 1440 3033 prolongent3

162 3071 237 3114 nam
258 3044 344 3115 intra
364 3047 464 3115 breve
480 3051 552 3138 jam
573 3051 728 3137 temporis
756 3050 896 3137 spatium
918 3071 1027 3115 eoram
1048 3049 1229 3117 venerabili
1251 3052 1439 3118 Paternitate

164 3177 199 3221 se
220 3155 344 3237 sistent,
378 3162 541 3242 petentes,
577 3163 612 3221 ut
641 3163 751 3221 vestra
772 3155 953 3220 Paternitas
985 3153 1066 3220 illud
1097 3153 1145 3221 ad
1171 3153 1272 3221 finem
1304 3164 1438 3245 optatum

163 3259 352 3347 perducant,
376 3267 408 3324 et
428 3261 475 3324 ita
501 3267 696 3347 consurgent
718 3261 802 3326 muri
812 3258 1006 3343 Jerusalem,
1027 3257 1214 3347 aperientur
1235 3263 1439 3340 atriaeorum,

165 3373 198 3430 et
217 3364 302 3429 firmi
325 3374 417 3430 erunt
437 3363 548 3451 pedes,
582 3378 614 3429 et
637 3366 743 3430 seeuri
771 3365 969 3446 intrantium,
1002 3363 1293 3454 acceptabiturque
1321 3365 1440 3432 victima

161 3470 315 3558 justitiae,
348 3468 512 3535 videbitur
533 3469 625 3534 Deus
657 3471 692 3535 in
714 3469 793 3536 Sion
815 3476 848 3533 et
875 3469 957 3555 justi
990 3467 1168 3555 procedent
1200 3469 1243 3536 de
1265 3473 1383 3537 virtute
1410 3471 1437 3532 in

165 3575 325 3641 virtutem.
361 3574 452 3640 Deus
475 3573 531 3640 det
551 3572 686 3639 Vestrae
708 3573 888 3641 venerabili
911 3573 1105 3639 Paternitati
1124 3573 1378 3653 incolumitatem
1391 3594 1439 3660 per

140 3750 143 3755 ,
167 3679 274 3745 omnia
295 3689 439 3767 tempora
460 3679 495 3744 in
518 3677 647 3745 Christo
669 3678 759 3744 Jesu.
781 3676 1118 3744 Vestraevenerabili
1139 3680 1329 3766 paternitati
1347 3679 1435 3746 oleru}

156 3792 276 3849 noster
297 3805 332 3848 se
355 3783 533 3851 humillime
556 3783 769 3850 commendat.

201 3932 206 3939 -
252 3878 373 3955 Datum
393 3888 521 3975 Pragae
544 3896 604 3953 ete.
650 3887 746 3954 Anno
771 3888 866 3956 1525,

373 3993 459 4060 Suae
480 3993 677 4060 venerabilis
698 3993 901 4082 paternitatis
956 4018 959 4023 ·

253 4099 449 4166 submissimi
482 4100 578 4183 servi,
612 4100 769 4186 magister
792 4097 905 4166 Gallus
927 4097 1165 4165 administrator
1194 4119 1268 4165 eum
1291 4105 1355 4165 toto
1374 4113 1429 4158 oon·

171 4204 296 4273 sistorio
320 4229 354 4276 se
377 4202 588 4273 commendat
