2946 5086
147 107 212 175 ²⁷⁸
1450 94 1455 207 l

149 297 319 371 personae,
344 292 428 363 qnae
448 292 470 338 a
491 267 558 337 fide
578 260 800 338 Boleslaviam
820 271 877 334 aut
902 263 967 333 alio
987 264 1075 332 inter
1092 263 1213 332 fiatrss
1232 271 1433 347 recesserunt,
1453 246 1458 357 Ι

150 384 276 471 aliquot
297 377 401 444 millia
426 374 576 442 occidere
599 371 773 440 debuerint
795 379 829 439 et
849 371 1019 440 audaciam
1042 394 1115 439 cum
1136 368 1359 460 generositate
1379 390 1434 434 ma·
1456 380 1460 461 Ι

147 490 255 579 jorem
282 481 449 559 exhibere,
483 500 579 567 quam
612 476 670 543 alii
699 475 812 543 exules
841 478 876 542 in
899 478 1016 566 maj0ri
1036 499 1182 561 numero,
1213 495 1337 561 nempe
1359 466 1460 539 sexa-³

154 593 246 679 ginta
266 587 342 654 illae
363 605 532 673 personae,
556 603 636 672 quas
669 604 757 648 nunc
778 603 798 647 a
818 583 1003 670 suspicione
1025 580 1145 647 liberas
1168 602 1244 646 esse
1276 579 1434 662 dixerunt3

154 694 254 761 locuti
285 693 395 779 itaque
427 687 569 770 fuerunt,
608 688 702 775 quasi
737 685 879 774 populus
912 686 1052 752 colorem
1087 685 1176 750 hunc
1196 707 1269 752 non
1291 690 1434 766 nosceret

151 797 238 885 quod
254 817 371 884 nempe
386 791 603 859 verosimilius
627 793 669 857 sit
691 790 800 880 (modo
823 791 963 857 hnmano
987 789 1126 878 loquor),
1148 801 1185 856 ut
1208 801 1279 856 tres
1292 799 1350 856 aut
1371 812 1434 878 qua-

150 913 222 970 tuor
252 901 311 968 has
341 896 458 965 caedes
487 895 666 985 perficiant,
689 917 787 984 quam
818 896 1052 984 quinquaginta
1083 902 1139 960 aut
1173 897 1362 982 sexaginta,
1393 882 1463 960 ubil

152 1019 260 1074 tamen
283 1002 433 1071 omnibus
455 1009 567 1067 notum
590 1009 649 1084 est,
674 999 760 1089 quod
782 1022 889 1087 neque
912 998 976 1085 hoc
1004 1021 1064 1065 nec
1086 998 1177 1064 aliud
1208 999 1254 1064 ad
1275 1001 1433 1066 veritatem
1461 998 1465 1085 Ι

153 1109 354 1203 probandam
389 1106 456 1173 illis
488 1105 640 1172 sufficere
672 1105 824 1192 potuerit.
857 1103 927 1171 Imo
961 1103 1058 1170 valde
1079 1105 1198 1169 mirum
1221 1103 1320 1188 foret,
1352 1105 1378 1168 ei
1397 1102 1434 1168 illi
1462 1140 1466 1235 Ι

153 1225 258 1283 tantas
292 1209 409 1279 caedes
442 1210 477 1276 in
512 1208 739 1275 communitate
773 1208 966 1288 effecissent,
1001 1208 1056 1296 qui
1088 1215 1198 1272 tamen
1220 1215 1301 1272 ante
1325 1214 1436 1294 etpost

150 1320 209 1386 has
242 1318 353 1384 literas
376 1313 472 1400 longo
495 1321 650 1402 tempore,
682 1334 799 1400 nempe
831 1312 905 1401 plus
945 1334 1040 1401 quam
1069 1310 1177 1376 medio
1213 1332 1303 1377 anno
1347 1311 1434 1375 incar-
1463 1300 1468 1393 l

151 1423 251 1490 cerati
284 1421 425 1500 fuerunt,
458 1416 514 1483 alii
550 1440 628 1484 vero
664 1416 786 1483 diutius
820 1439 917 1504 quam
948 1439 1012 1483 uno
1045 1437 1130 1481 anno
1165 1436 1232 1480 non
1254 1416 1437 1482 incarcerati

152 1529 187 1593 in
209 1525 340 1592 civitate
362 1521 581 1606 morabantur,
603 1530 639 1587 ut
662 1543 717 1587 eos
740 1523 786 1587 ita
807 1520 911 1588 libere
936 1521 1006 1587 sine
1030 1521 1117 1586 omni
1139 1518 1338 1606 praehabita
1358 1542 1436 1586 secu·

151 1631 247 1697 ritate
278 1626 486 1709 dimisissent,
520 1647 582 1691 nee
614 1623 655 1690 de
687 1623 754 1690 ullo
776 1625 833 1690 tali
855 1626 1000 1691 occisore
1036 1623 1296 1711 inquisivissent,
1330 1634 1383 1690 aut
1410 1625 1437 1689 11

151 1742 274 1801 tortura
307 1728 509 1818 quorundam
548 1730 839 1818 suprascriptorum
870 1730 981 1796 autin
1011 1728 1215 1795 confessione
1245 1751 1268 1796 a
1303 1728 1437 1795 sacerdo·
1466 1735 1472 1847 Ι

154 1839 251 1914 tibus,
284 1835 424 1921 ideoque
460 1835 556 1898 etiam
574 1833 700 1922 judico,
736 1831 822 1918 quod
857 1832 938 1899 haec
960 1854 1126 1921 nunquam
1157 1842 1195 1899 ut
1214 1854 1300 1900 vera
1321 1832 1438 1921 probari

149 1948 312 2032 poterunt,
346 1960 449 2025 aeque
483 1939 566 2003 sicut
597 1939 633 2003 in
669 1939 775 2003 causis
799 1948 895 2003 antea
928 1937 1111 2024 descriptis,
1135 1937 1223 2027 quod
1247 1940 1438 2027 suspectiin

149 2046 214 2113 fide
246 2043 374 2125 fuerint,
408 2039 555 2128 adeoque
591 2063 719 2129 semper
752 2041 906 2128 chymera
939 2040 1074 2107 alteram
1097 2042 1211 2129 genuit
1246 2044 1289 2109 ch
1350 2066 1436 2110 eram.

150 2149 232 2215 Post
264 2148 336 2212 illas
369 2155 494 2234 septem
526 2167 681 2232 personas
718 2145 951 2232 suprascriptas
974 2147 1113 2226 citarunt
1143 2145 1259 2212 Vitum
1290 2067 1437 2238 dlleoky,

149 2255 310 2320 Joannem
331 2250 443 2334 Ziaba,
467 2250 643 2335 Georgium
666 2249 782 2332 Tatka,
804 2248 964 2315 Jacobum
979 2249 1211 2340 bibliopegam,
1227 2273 1313 2339 quos
1328 2254 1437 2341 pariter

151 2357 233 2422 siout
254 2354 486 2442 praecedentes
502 2352 634 2418 allocuti
656 2353 803 2438 fuerunt3
825 2353 902 2419 ficta
923 2356 1112 2440 gravamina
1134 2358 1378 2422 communitatis
1398 2357 1435 2421 eis

149 2469 376 2550 proponentes,
399 2470 434 2523 ut
454 2478 572 2545 nempe
594 2456 701 2523 laesus
723 2456 872 2523 illaesum
893 2467 1009 2544 portet,
1032 2461 1088 2547 qui
1108 2459 1178 2525 fere
1200 2458 1269 2525 tale
1285 2462 1370 2526 sicut
1381 2460 1433 2548 pri·

150 2588 222 2632 ores
245 2567 292 2631 eis
320 2585 511 2650 responsum
544 2560 703 2627 dederunt
733 2560 888 2648 debitum,
910 2564 1022 2651 ajuro
1045 2585 1103 2630 suc
1133 2586 1201 2631 non
1236 2564 1430 2633 decedentes.

681 2733 829 2802 CAPUT
856 2735 909 2802 35.

150 2844 270 2924 Inque
317 2845 496 2925 insinuatur,
519 2847 598 2925 quod
619 2845 724 2906 consul
746 2853 777 2906 et
813 2853 933 2906 senatus
957 2852 1134 2907 attestentur
1156 2866 1264 2909 coram
1286 2853 1351 2908 tota
1371 2865 1431 2908 oon·

150 2935 302 3013 munitate,
335 2951 368 2992 se
391 2933 457 2994 illos
480 2935 582 2993 exules
605 2934 701 2992 denuo
723 2933 755 2992 in
777 2934 1014 2994 communionem
1036 2932 1168 2995 civilem
1181 2935 1394 3014 assumpsisse,
1411 2941 1430 2992 ct

151 3019 408 3080 administratores
445 3021 513 3081 illos
536 3041 590 3098 pro
612 3021 692 3079 veris
729 3028 760 3079 et
779 3021 919 3081 fidelibus
941 3023 1112 3082 christianis
1140 3023 1337 3098 declarasse,
1360 3023 1431 3083 etiam

152 3126 307 3185 personae,
330 3127 407 3184 quae
442 3104 551 3168 iterum
572 3127 711 3167 reversae
747 3107 874 3180 inerunt,
897 3109 1096 3169 nominantur.
1141 3110 1283 3170 Tandem
1308 3113 1347 3170 dc
1366 3129 1430 3169 coro
1458 3080 1464 3199 Ι

153 3195 274 3256 natione
308 3194 341 3254 in
363 3195 489 3274 imperio
510 3215 633 3257 romano
656 3195 738 3273 regis
760 3195 955 3272 Ferdinandi,
989 3207 1019 3256 et
1039 3196 1134 3274 qualis
1165 3215 1309 3258 annonae
1343 3198 1431 3258 carita

654 3282 700 3342 his
722 3283 807 3344 annis
839 3281 934 3346 fuerit.
1460 3242 1466 3365 Ι

235 3432 382 3501 Tandem
403 3433 457 3500 die
467 3432 560 3500 Jovis
570 3441 644 3522 post
654 3431 773 3500 festum
787 3432 821 3500 S.
832 3432 1073 3501 Bartholomaei
1095 3433 1163 3522 (25.
1174 3431 1278 3526 Aug.)
1304 3455 1432 3505 commn-

149 3538 234 3604 nitas
255 3536 564 3625 Vetere-'Pragensis
586 3539 621 3603 in
643 3542 764 3604 curiam
787 3548 964 3606 convocata
984 3539 1053 3623 filit,
1074 3539 1132 3606 ubi
1154 3539 1344 3627 Pragenses
1364 3562 1433 3608 con-

147 3641 297 3708 munitati
332 3649 570 3731 proposuerunt
591 3651 624 3708 et
645 3645 816 3709 contestati
843 3643 972 3710 filerunt
1004 3643 1045 3708 de
1074 3642 1131 3709 illa
1160 3645 1295 3711 actione
1331 3646 1432 3712 amica·

148 3745 208 3813 bili
231 3767 304 3812 eum
326 3746 377 3813 his
400 3755 524 3834 septem
544 3748 703 3836 personis,
726 3747 974 3815 Bartholomaeo
998 3746 1114 3826 scriba,
1138 3754 1272 3814 etcum
1296 3750 1368 3816 aliis
1392 3771 1432 3814 su·

149 3851 349 3940 prescriptis,
383 3872 466 3939 quae
488 3852 626 3918 antehac
647 3852 734 3918 facta
762 3852 830 3918 fuit·
855 3853 891 3919 in
913 3860 1026 3919 senatu
1056 3853 1091 3916 in
1120 3857 1314 3939 praesentia
1345 3854 1433 3922 admi·
1467 3836 1472 3945 Ι

149 3955 332 4020 nistratoris
369 3963 400 4020 et
433 3956 671 4022 communitatis
708 3957 882 4040 seniorum,
906 3957 991 4045 quod
1021 3979 1142 4045 nempe
1161 3956 1239 4025 illos
1263 3983 1431 4047 reassump-

150 4060 252 4125 serint
272 4060 308 4125 in
330 4062 593 4127 communitatem
616 4059 774 4127 libertatis
798 4061 916 4146 civilis,
937 4063 972 4127 in
994 4083 1059 4148 qua
1079 4070 1176 4129 antea
1200 4068 1379 4151 constituti,
1399 4063 1430 4129 de

148 4164 234 4230 malo
260 4166 410 4253 suspecti,
434 4164 554 4253 culpati
577 4175 609 4232 ct
631 4166 733 4233 auditi
754 4167 883 4232 fuerunt
904 4175 1048 4256 tempore
1069 4167 1137 4247 illo,
1160 4177 1343 4259 antequam
1361 4170 1426 4238 rele

134 4280 137 4289 '
149 4269 218 4354 gati
238 4267 376 4334 firissent
398 4267 508 4356 (prout
530 4270 565 4333 in
585 4271 771 4356 praesentia
792 4278 938 4337 nostrum
974 4271 1073 4338 locuti
1096 4272 1208 4362 sunt),¹
1222 4277 1314 4363 quod
1343 4273 1427 4366 parati

149 4373 269 4438 fuerint
292 4372 425 4440 cuilibet
446 4374 480 4440 in
503 4373 656 4440 omnibus
676 4374 863 4442 satisfacere
885 4384 918 4442 et
940 4375 981 4442 de
1003 4377 1153 4445 omnibus
1187 4378 1379 4462 inhonestis,
1406 4375 1427 4442 si

135 4460 233 4562 'quae
254 4478 401 4560 fuissent,
423 4479 631 4566 respondere,
654 4489 686 4545 et
709 4479 737 4546 si
759 4481 794 4546 11
815 4481 866 4547 his
889 4483 1072 4549 conservati
1093 4482 1245 4569 fuissent,
1260 4487 1347 4576 quod
1357 4506 1424 4552 111-
1454 4454 1460 4541 l

136 4602 247 4666 Ι(111011
271 4603 309 4646 00
331 4581 550 4667 devenissent,
573 4606 656 4672 quae
678 4585 744 4650 illis
767 4585 965 4655 acciderunt.
1000 4586 1092 4654 Haec
1114 4596 1147 4653 et
1168 4591 1236 4657 alia
1262 4596 1376 4662 similia
1392 4591 1422 4656 de

143 4681 214 4751 illis
236 4683 327 4754 dicta
348 4683 491 4753 fuerunt.
533 4687 656 4756 Ultimo
677 4688 943 4759 tandem‘omnes
964 4690 1125 4762 adhortati
1146 4706 1234 4785 sunt,
1259 4711 1296 4768 ut
1315 4697 1420 4768 illosir

1445 4864 1471 5014 l
