2946 5086
103 187 201 280 iss

136 383 347 474 processisse.
368 379 442 448 Hoc
464 385 556 451 enim.
571 383 710 450 finaliter
740 380 862 449 babere
883 383 1041 470 volumus,
1074 391 1111 449 ut
1132 402 1244 449 omnes
1277 381 1429 449 dissensi·

137 510 226 571 ones,
260 507 345 576 quae
383 488 418 552 iu
440 496 551 554 nostro
573 491 674 576 regne'
695 486 872 554 Bohemiae
906 489 991 555 inter
1025 485 1172 554 subditos
1206 493 1337 552 nosbcs
1366 509 1433 554 ver·

139 600 263 675 santur,
298 599 434 660 cessent.
478 591 625 682 Ideoque·
654 591 735 659 haec
763 592 913 676 scientes,
945 592 1101 682 populum
1142 612 1180 658 eo
1222 589 1373 676 dirigetis
1405 599 1434 656 et

85 736 89 747 =
138 693 364 783 admonebitis,
400 705 436 762 ut
467 696 549 762 haec
580 696 732 764 voluntas
764 705 876 763 nesus
908 694 1143 784 adimpleatur3
1167 695 1196 760 si
1239 695 1314 781 quis
1353 715 1431 761 vero

140 808 252 867 conus
273 799 358 866 hanc
380 799 580 867 voluntatem
613 809 767 885 nostram,
800 800 921 884 literas,
954 807 986 865 et
1017 798 1171 866 mandata
1204 801 1430 866 contravenire

137 905 400 992 praesumpserit,
436 902 534 970 talem
555 904 681 971 nullum
702 906 869 994 impunem
899 926 971 973 esse
1001 903 1122 970 sciatis.
1168 899 1263 969 Haec
1295 903 1433 969 scientes

41 1084 44 1090 Α
138 1011 185 1074 ita
206 1029 265 1075 vos
287 1009 417 1095 geretis,
443 1009 527 1075 sicut
548 1008 721 1077 scribimus
748 1018 781 1076 et
802 1009 1004 1076 mandamus.
1045 1009 1167 1076 Datum
1190 1007 1319 1087 Budas,
1353 1028 1434 1073 anno

141 1120 174 1179 et
197 1112 251 1179 die
272 1133 377 1202 supra

1114 1216 1302 1285 Ludovicus
1325 1240 1396 1289 rex.

221 1324 305 1392 Item
326 1322 422 1390 datae
459 1321 623 1389 secundae
656 1322 771 1388 literae
807 1321 850 1390 ad
872 1319 1020 1389 civitates
1052 1322 1173 1417 regias,
1210 1323 1375 1409 quomodo
1398 1344 1431 1389 sc

134 1434 231 1518 juxta
253 1429 345 1496 datas
368 1428 480 1515 literas
503 1449 617 1516 gerere
640 1426 789 1496 debeant

332 1533 530 1618 Ludcvicus,
551 1534 618 1599 Dei
640 1534 746 1620 gratia
768 1541 862 1601 etc.
913 1588 915 1593 .
1372 1565 1375 1570 ·

220 1638 365 1723 Providi,
399 1637 523 1721 fideles,
560 1639 668 1705 nestri
698 1638 815 1705 dilecti.
875 1635 1020 1703 Iunotuit
1047 1635 1153 1721 uobis,
1176 1580 1265 1725 quod
1294 1646 1437 1728 tempore

135 1730 202 1810 lion
218 1741 366 1832 pridem
400 1744 573 1832 praeterito
604 1742 717 1809 literae
748 1742 791 1808 ad
827 1718 986 1831 quasdam
1024 1742 1173 1809 civitates
1195 1750 1327 1810 nostras
1350 1746 1437 1832 regni

136 1847 325 1932 Bobemiae,
360 1849 438 1915 item
470 1847 513 1914 ad
547 1856 674 1914 vestros
695 1846 857 1936 parochos
879 1848 1090 1936 pervenerint
1110 1845 1153 1914 ab
1176 1847 1436 1920 administratore

136 1952 314 2040 Pragensi,
349 1964 381 2019 et
415 1954 447 2018 in
482 1951 692 2019 concionibus
722 1952 843 2040 ubique
875 1952 985 2018 lectae
1002 1960 1035 2019 et
1056 1950 1282 2040 promulgatae
1304 1956 1425 2026 fuerint

137 2056 233 2138 Quod
253 2079 413 2146 personas
447 2056 542 2124 nobis
581 2056 727 2124 subditas
764 2059 888 2139 attinet,
921 2055 1039 2144 quibus
1061 2057 1104 2129 ad
1126 2058 1426 2130 informationema

136 2163 268 2227 civitate
290 2170 403 2226 nostra
424 2161 583 2248 Pragensi
605 2170 783 2251 acceptam,
807 2161 893 2228 bona
916 2184 974 2228 sua
996 2162 1174 2229 divendere
1196 2175 1230 2230 et
1251 2166 1345 2234 abire
1361 2172 1424 2259 jus·

135 2269 257 2351 simus3
279 2265 358 2331 item
381 2267 478 2331 etiam
500 2264 583 2349 illas,
606 2265 724 2354 quibus
747 2265 930 2353 Pragenses
951 2269 1015 2356 ipsi
1053 2267 1232 2338 divendere
1249 2276 1423 2363 jusserunt,

134 2372 226 2458 quasi
262 2370 338 2437 illae
360 2392 520 2460 personae
557 2371 620 2437 sibi
643 2371 753 2437 literas
776 2370 856 2437 tales
891 2372 951 2438 sub
973 2374 1104 2439 nomine
1125 2385 1236 2444 nostro
1256 2380 1351 2468 'regie
1372 2402 1426 2469 per

133 2497 357 2564 quemcunque
390 2485 619 2563 procurassent
652 2483 684 2541 et
714 2475 818 2542 falsae
844 2485 972 2561 essent,
1009 2487 1041 2543 et
1063 2478 1195 2567 quidem
1217 2482 1334 2549 literae
1355 2483 1426 2550 illae

133 2601 205 2646 esse
237 2578 429 2664 debuerunt,
463 2602 544 2668 quas
565 2579 786 2667 Prageusibus
810 2580 910 2647 scribi
943 2581 1179 2669 mandavimus,
1202 2594 1239 2653 ut
1259 2586 1339 2653 illae
1359 2609 1426 2676 per·

133 2706 232 2751 sonae
253 2685 340 2750 bona
362 2706 421 2749 sua
442 2706 508 2749 non
530 2683 717 2768 divendant,
740 2684 798 2751 sed
822 2706 861 2750 ea
882 2695 1013 2752 servent
1034 2696 1067 2753 et
1087 2687 1153 2754 illis
1175 2689 1327 2761 fruantur
1351 2702 1425 2759 tam·

133 2789 199 2871 diu,
234 2787 338 2854 donec
362 2787 438 2854 illae
472 2787 655 2855 discordiae
678 2798 734 2854 aut
757 2791 974 2857 conventione
995 2793 1172 2878 amicabili,
1195 2796 1250 2862 vel
1269 2800 1363 2886 justo
1378 2801 1426 2887 ju·

133 2892 219 2959 dicio
241 2893 463 2975 terminentur,
486 2892 611 2958 nullum
633 2894 731 2959 etiam
753 2903 789 2959 ut
801 2894 941 2982 amphus
963 2896 1110 2983 relegent
1132 2907 1209 2985 ete.;
1234 2903 1424 2989 quodnobis

132 2995 230 3067 valde
252 2990 412 3084 displicet.
434 2997 527 3063 Haec
550 2998 636 3062 enim
658 3000 778 3064 veritas
800 2999 984 3067 nullatenus
1007 3009 1065 3084 est,
1089 3004 1176 3091 quod
1213 3005 1292 3073 illae
1313 3008 1423 3076 literae

132 3103 202 3168 sine
224 3101 307 3167 scitu
329 3110 361 3166 et
382 3101 472 3167 finali
494 3084 659 3168 voluntate
680 3112 792 3169 nestra
808 3105 914 3171 editae
935 3104 1064 3172 fuerint
1086 3107 1215 3175 Literas
1238 3113 1328 3178 enirn
1350 3118 1425 3182 tales

128 3205 353 3295 Pragensibus
378 3228 451 3273 cum
475 3218 564 3274 certo
587 3216 696 3274 nostro
720 3208 882 3292 mandato,
905 3212 990 3276 scitu
1012 3219 1048 3277 et
1059 3211 1227 3280 voluntate
1250 3218 1378 3285 scribi
1364 3240 1424 3308 Jus·

65 3404 68 3410 Ι
132 3314 243 3397 simus,
266 3315 363 3381 etiam
398 3335 497 3379 mauu
530 3322 643 3379 nostra
664 3315 797 3403 propria
828 3312 1032 3385 subscribere
1054 3314 1179 3403 dignati
1200 3319 1333 3406 fuimus,
1356 3323 1425 3395 hue·

130 3439 234 3506 usque
264 3420 360 3484 etiam
390 3417 464 3484 talis
499 3427 609 3485 nostra
637 3419 787 3499 voluntas
820 3427 870 3484 est
887 3421 984 3507 juxta
1005 3421 1129 3508 priores
1152 3421 1275 3492 literas.
1320 3426 1423 3495 Etiam

134 3521 215 3589 haec
236 3521 331 3591 nobis
354 3523 520 3593 notificata
540 3523 680 3608 fuerunt,
704 3523 790 3612 quod
810 3524 846 3591 in
868 3524 1063 3612 quibusdam
1085 3527 1273 3597 civitatibus
1295 3531 1423 3620 parochi

131 3636 163 3693 et
198 3627 254 3694 alii
290 3627 474 3694 sacerdotes
508 3630 680 3694 conciones
716 3629 926 3696 tumultuosas
963 3639 996 3696 et
1031 3631 1192 3718 inquietas
1228 3633 1422 3720 declament,-

130 3754 231 3798 unum
263 3741 376 3798 contra
407 3731 545 3811 alterum
579 3733 777 3799 concitantes
815 3743 846 3798 et
883 3735 1114 3823 vituperantes.
1138 3737 1304 3828 ¹ideoque
1337 3742 1421 3810 vobis

130 3837 333 3922 mandamus,
357 3846 393 3903 ut
413 3838 565 3926 parochis
588 3840 621 3904 et
643 3838 770 3905 clericis
792 3839 910 3905 vestris
926 3840 1054 3907 nomine
1075 3840 1193 3908 Nostro
1208 3847 1420 3935 praecipiatis,

135 3950 171 4009 ut
191 3964 212 4007 a
234 3940 353 4008 talibus
392 3941 604 4008 concionibus
638 3940 845 4009 tumultuosis
883 3953 1020 4028 cessent,
1053 3966 1116 4011 nec
1148 3947 1289 4035 amplius
1312 3951 1421 4018 similia

133 4034 334 4136 praedicare
347 4056 564 4134 praesumant,
588 4047 653 4112 imo
676 4049 784 4136 potius
806 4046 962 4135 populum
985 4048 1028 4115 ad
1050 4049 1253 4137 charitatem,
1278 4057 1419 4143 quietem,

131 4174 247 4240 pacem
270 4161 302 4216 et
324 4150 531 4217 concordiam
566 4149 771 4235 admoneant,
805 4153 950 4219 animent
984 4163 1017 4219 et
1038 4153 1203 4239 inducant,
1241 4159 1327 4226 etsi
1357 4160 1420 4248 quit

136 4257 169 4320 in
192 4257 324 4325 civitate¹
345 4254 456 4322 ababa
477 4256 687 4339 inveniretur,
711 4257 765 4344 qui
787 4279 808 4321 a
828 4256 894 4324 fide
917 4267 1029 4325 sancta
1051 4259 1228 4327 christiana
1249 4262 1416 4346 aberraret,

132 4357 189 4429 ilie
212 4359 334 4427 advos
369 4368 401 4426 et
424 4360 609 4433 sacerdotes
639 4370 766 4427 vestros
789 4363 914 4440 citetur,
938 4373 970 4429 et
992 4364 1200 4431 siveraciter
1230 4366 1281 4434 illi
1302 4365 1417 4459 aliquid

132 4465 238 4543 simile
258 4465 428 4553 probatum
448 4466 545 4532 fuerit
567 4475 599 4531 et
619 4467 774 4554 agnitum,
798 4467 872 4532 talis
895 4468 1083 4554 corrigatur.
1108 4467 1143 4535 Si
1155 4491 1234 4537 vero
1255 4472 1304 4543 iu.
1319 4494 1419 4540 errore

133 4590 190 4637 suc
220 4578 401 4637 >contumax
442 4572 594 4640 inventus
615 4571 712 4639 fuerit
733 4582 766 4638 et
801 4572 920 4660 corrigi
955 4596 1020 4639 non
1062 4575 1212 4661 potuerit,
1251 4575 1310 4644 tali
1344 4581 1424 4646 iutra

134 4673 278 4741 debitum
313 4684 440 4764 tempus
475 4677 562 4745 bona
596 4698 655 4744 sua
678 4677 830 4758 ,vendere
861 4677 1068 4751 mandabitis.
1110 4675 1258 4771 Ideoque
1287 4683 1422 4751 suenus

119 4778 211 4857 benc
233 4787 383 4863 porram
408 4781 726 4893 essevoluntsteur,
744 4781 1047 4871 ita..vos:„geretis,.
1063 4784 1424 4871 sicutrcbiesmibers
