2946 5086
1331 228 1403 297 mi

101 392 287 486 dignamur,
321 398 416 465 aliter
447 420 650 485 nequaquam
672 372 839 465 facientes.
892 400 1013 465 Datum
1036 400 1150 468 Budas
1178 423 1262 467 anno
1291 409 1324 467 et
1345 401 1399 469 dic

101 513 139 569 ut
160 526 270 591 supra.
341 538 344 545 ·
1132 572 1135 577 .

342 600 345 605 ·
1081 590 1266 658 Ludovicus
1288 614 1356 662 rex
1427 651 1430 655 .

547 729 550 733 ’
659 730 806 869 caros
829 764 872 830 e:
964 797 968 806 ·

104 932 141 988 In
172 947 232 1004 quo
267 925 415 998 scribitur,
440 924 518 1001 quod
541 945 596 983 rex
620 925 794 985 Ludovicus
827 927 947 986 comitia
968 929 1104 987 omnibns
1139 930 1270 990 statibus
1288 928 1399 993 Colinii
1432 948 1437 957 ’

106 1013 309 1087 constituerit,
334 1014 372 1071 ad
394 1031 470 1087 quac
491 1013 661 1089 Pragenses
700 1022 729 1070 et
751 1032 851 1073 omnes
874 1015 976 1074 exules
999 1014 1089 1074 citari
1107 1015 1201 1090 jussit
1222 1026 1278 1078 etc.
1316 1020 1399 1081 Tan·

105 1105 173 1162 dem
208 1101 287 1176 quod
310 1099 475 1161 discordiae
496 1100 573 1158 inter
596 1099 747 1174 dominum
768 1100 843 1159 st
866 1110 895 1160 et
920 1103 1073 1161 dominum
1096 1101 1258 1166 Henricum
1280 1125 1398 1187 compo·
1440 1162 1443 1169 .

105 1197 222 1249 nantur.
255 1187 345 1272 ,Item
381 1186 517 1247 dominus
539 1186 614 1246 Lew
647 1187 777 1265 intimat,
816 1197 964 1264 quantum
990 1209 1144 1248 numerum
1168 1192 1300 1268 equitum
1320 1190 1396 1263 Pra-

106 1293 215 1353 genses
246 1274 392 1346 habeant;
424 1274 455 1332 in
479 1273 585 1347 quibus
607 1274 736 1334 comitiis
759 1274 833 1335 nihil
869 1276 1030 1336 efficientes
1053 1277 1162 1338 iterum
1185 1279 1395 1343 discesserunt.

461 1356 545 1420 Item
559 1362 593 1419 fit
615 1361 725 1421 mentio
747 1364 784 1421 dc
806 1362 897 1423 fratre
921 1364 1045 1425 Mathia.
1370 1383 1373 1387 ·

188 1547 251 1614 Illo
272 1518 374 1614 ferme
397 1557 543 1635 tempore
563 1549 703 1612 instituit
724 1568 784 1614 rex
805 1550 934 1616 comitia
956 1546 1105 1618 omnibus
1125 1553 1260 1620 statibus
1276 1508 1396 1647 0611611

101 1655 156 1720 die
168 1648 263 1719 Jovis
285 1660 361 1741 post
374 1654 511 1741 primam
526 1651 732 1751 Dominicam
755 1664 829 1741 post
841 1654 971 1722 Pascha¹
988 1657 1319 1747 (12.Apr.)pr0.illis‚
1341 1660 1404 1745 qui·

97 1773 246 1846 tempore
268 1754 303 1822 S.
316 1755 450 1823 Martini
473 1758 637 1844 praeteriti
662 1759 758 1823 etiam
782 1761 871 1825 citati
893 1762 1032 1845 filerunt,
1055 1763 1098 1828 ad
1119 1764 1258 1831 eundem
1280 1764 1397 1852 locum,

99 1863 198 1930 simul
230 1884 342 1928 omnes
374 1862 482 1948 Praga
515 1862 628 1928 exules
650 1884 709 1951 pro
733 1864 849 1929 eadem
869 1865 922 1943 (116
954 1865 1116 1932 Colinium
1138 1868 1230 1933 citari
1263 1869 1399 1940 curavit.

98 1969 193 2035 Alios
216 1989 294 2035 vero
316 1967 466 2034 dominos
497 1977 529 2032 et
558 1990 720 2055 proceres,
755 1990 873 2056 nempe
907 1970 1072 2036 dominum
1093 1971 1181 2054 Lew,
1219 1973 1400 2060 principem

98 2071 255 2140 Oarolum
278 2082 311 2138 et
330 2072 411 2139 alios
447 2095 600 2160 proceres
635 2082 667 2138 et
701 2075 825 2161 equites
859 2097 932 2139 cum
966 2075 1185 2162 Progensibus
1220 2087 1254 2141 et
1286 2099 1398 2143 eorum

98 2176 354 2245 adhaerentibus
387 2180 513 2248 curavit
546 2180 638 2243 citari
672 2201 730 2266 pro
765 2179 878 2245 eadem
902 2180 955 2244 die
976 2180 1245 2267 Kuttenbergam,
1279 2175 1396 2271 nempe

97 2288 133 2350 in
166 2283 254 2349 hunc
285 2281 397 2359 finem,
432 2292 467 2347 ut
490 2280 693 2348 Oolinienses
717 2292 751 2348 61
771 2283 1072 2370 Kuttenbergenses
1094 2287 1128 2349 in
1152 2285 1295 2353 dissidiis
1317 2288 1396 2353 ortis

98 2395 335 2478 componantur
366 2396 398 2453 61
420 2389 602 2473 transigant
624 2386 839 2453 amicabiliter
860 2388 1076 2455 mediantibus
1095 2389 1238 2457 dominis
1267 2374 1404 2480 ablega-¹

95 2499 140 2562 tis
174 2503 209 2559 et
240 2491 431 2575 oratoribus,
466 2492 595 2557 domino
629 2492 764 2558 Artlcbo
799 2492 840 2557 de
869 2492 1042 2558 Boskowic
1072 2492 1104 2558 ct
1137 2499 1170 2559 in
1201 2496 1330 2580 Trebio,
1365 2490 1397 2564 et

100 2601 233 2667 domino
256 2598 383 2665 Joanne
417 2597 458 2662 de
491 2596 661 2662 Perustein
695 2607 726 2662 et
759 2597 985 2681 Helffenstein,
1017 2598 1159 2665 Mornvis
1189 2601 1327 2666 dominis
1360 2603 1395 2666 in

101 2707 189 2772 hunc
221 2704 373 2789 finema
407 2724 485 2789 rege
517 2704 644 2786 missis,
669 2712 701 2766 ct
723 2703 919 2786 concordati,
942 2712 978 2769 61
1013 2705 1144 2770 insimul
1180 2705 1222 2770 de
1255 2706 1394 2772 comitiis

102 2811 224 2876 suturis.
252 2816 361 2895 agant,
385 2809 470 2873 sicut
492 2818 524 2872 61
545 2808 666 2873 factum
689 2808 758 2891 fuit,
782 2809 869 2897 quod
890 2810 922 2873 hi
944 2806 1066 2874 domini
1089 2809 1230 2897 ablegati
1264 2832 1395 2878 cencer-

102 2917 190 2982 diam
213 2922 246 2979 61
278 2915 530 3006 transactionem
567 2912 695 3001 efficere
719 2915 880 2989 voluerint
912 2917 997 2979 inter
1020 2914 1166 2981 dominos
1200 2916 1241 2982 (16
1272 2915 1394 2982 Rosen·

100 3021 194 3108 berg,
219 3019 388 3088 dominum
411 3039 531 3106 nempe
552 3017 661 3102 Jobst,
685 3029 718 3084 et
740 3019 906 3085 dominum
929 3020 1066 3086 Joanem
1079 3021 1151 3086 loco
1171 3010 1394 3088 ‹lominiHen-

98 3127 159 3193 rici
189 3125 303 3191 fratris·
338 3146 467 3202 eorum,
499 3127 572 3212 qui,
596 3135 632 3190 ut
664 3123 865 3207 audiebatur,
889 3125 1034 3190 infirmus
1064 3125 1226 3208 decubuit,
1257 3135 1289 3191 et
1310 3127 1395 3191 inter

99 3229 268 3297 dominum
300 3228 381 3293 Lcw
401 3230 436 3292 in
459 3229 569 3294 causis
590 3227 773 3295 discordiae
797 3227 837 3293 ob
870 3211 1098 3293 testamentum
1121 3239 1153 3293 et
1174 3231 1317 3316 legatum
1339 3229 1395 3297 do·

98 3336 178 3401 mini
200 3333 290 3399 Petri
311 3332 352 3398 de
365 3333 574 3420 ›Rosenberg,
598 3333 752 3421 patruelis
775 3353 892 3398 eorum.
907 3330 1080 3412 Quiavero
1092 3356 1167 3420 pars
1186 3356 1260 3418 una,
1276 3356 1394 3422 nempe

98 3440 251 3507 dominus
272 3438 351 3521 Lew
384 3460 453 3503 rem
476 3438 540 3504 sibi
554 3439 702 3526 'legatam
725 3437 845 3503 habere
867 3437 979 3519 voluit,
1003 3447 1035 3502 et
1055 3439 1156 3504 altera
1172 3439 1255 3525 'dare
1276 3441 1393 3531 renuit,

102 3545 243 3632 ideoque
266 3544 347 3609 haec
369 3543 544 3632 transactio
567 3544 601 3608 in
623 3543 760 3608 nihilum
783 3565 879 3615 versa
901 3543 968 3610 fuit.
1025 3542 1120 3624 Quod
1150 3565 1226 3609 vero
1263 3567 1393 3611 concer-

99 3649 354 3736 nitPragenses
377 3671 452 3714 cum
465 3649 622 3737 ‘personis
646 3649 688 3714 ab
711 3649 775 3714 illis
799 3648 955 3735 expulsis,
979 3648 1032 3713 hio
1055 3646 1178 3715 domini
1201 3648 1300 3735 legati
1310 3652 1394 3736 regii

96 3756 310 3844 suprascripti
341 3752 576 3820 admonuerunt
606 3754 799 3840 Pragenscs,
823 3763 858 3818 ut
882 3751 1045 3819 Colinium
1068 3776 1103 3818 se
1132 3755 1292 3841 recipiant
1326 3777 1393 3821 una

96 3860 159 3926 die.
186 3868 219 3924 et
240 3858 320 3924 hora
342 3860 507 3924 nominata
539 3880 598 3945 pro
622 3860 837 3924 conventione
861 3867 892 3924 et
915 3858 1088 3925 concordia
1116 3856 1295 3937 efficienda.
1338 3857 1391 3925 In·

96 3968 194 4034 terim
228 3966 379 4032 dominus
408 3966 488 4032 Lew
521 3988 593 4032 cum
616 3965 689 4031 aliis
722 3966 909 4055 proceribus
932 3977 975 4032 ct
994 3963 1212 4050 Pragensibus
1244 3963 1392 4031 volentes

96 4073 238 4139 comitiis
268 4058 435 4155 interesse,
470 4073 656 4160 petiverunt
691 4072 874 4137 adominis
906 4070 1075 4157 ablegatis,
1110 4078 1145 4133 ut
1173 4070 1207 4133 in
1230 4066 1292 4132 hoc
1313 4088 1401 4134 conr,

96 4187 197 4245 ventu
220 4176 342 4244 0611611
363 4178 596 4265 provideantur
618 4176 816 4260 diversoriis,
840 4178 915 4264 quia
952 4175 1104 4241 dixerunt
1125 4195 1160 4237 sc
1192 4170 1388 4238 Kottenber·

94 4304 157 4370 gae
180 4281 302 4348 habere
324 4282 367 4348 ad
389 4281 454 4348 duo
475 4281 578 4347 millia
595 4290 626 4345 et
647 4282 841 4367 quingentos
864 4302 985 4368 equos;
1004 4279 1126 4345 domini
1141 4299 1219 4344 vero
1237 4275 1389 4363 ablegati,

96 4386 181 4453 sicut
203 4385 351 4471 decebat,
375 4387 417 4452 ad
440 4387 525 4468 hanc
547 4386 802 4475 propositionem
816 4377 1071 4472 responderunt,
1095 4405 1130 4450 se
1151 4383 1203 4450 his
1225 4383 1385 4455 derebus

95 4513 116 4557 a
150 4512 232 4578 rege
264 4491 390 4558 nullum
419 4491 541 4558 habere
573 4490 772 4575 mandatum,
796 4500 832 4556 ut
854 4511 971 4576 nempe
993 4489 1091 4555 alicui
1115 4489 1295 4555 diversoria
1316 4511 1389 4578 pro

95 4605 223 4679 curent,
260 4617 322 4661 nec
344 4595 432 4685 quod
466 4597 529 4663 sibi
551 4597 721 4685 pertineat,
746 4592 865 4662 similia
888 4592 1051 4681 expedire.
1084 4593 1146 4659 His
1168 4615 1391 4669 6666661666·-

92 4701 191 4769 nibus
215 4699 378 4767 dominus
411 4699 491 4766 Lew
523 4722 606 4790 pyra
640 4700 873 4767 iocineribus
908 4700 1084 4789 quaesivit3
1110 4718 1186 4774 nam
1209 4696 1391 4767 secundum-

93 4805 408 4876 omnium-notitianu·
416 4803 595 4891 hominnm,
617 4807 742 4896 siquis
764 4829 876 4877 omnes
898 4801 1385 4898 numerusnumerous
