2946 5086
1319 180 1384 254 raa
1419 140 1422 145 ’

651 342 796 423 CAPUT
818 356 850 422 9.
891 388 895 395 ·

93 515 211 588 Inque
234 474 399 578 intimatur,
439 503 516 580 quod
540 508 673 580 potestas
710 501 798 576 laica,
834 507 993 579 postquam
1016 499 1196 563 sufficienter
1227 501 1388 579 afflixisset

94 603 188 679 honos
212 604 243 655 et
264 596 435 653 innocentes
448 589 602 664 homines,
636 590 756 649 eosdem
776 589 953 647 tradiderint
983 589 1126 665 potestati
1147 589 1388 666 ecclesiasticae,

96 687 148 764 qui
167 683 243 744 boni
264 690 364 760 patres
386 677 633 754 excogitaverunt
654 677 714 735 sibi
737 675 960 750 cenfessionem,
993 694 1053 752 qua
1075 677 1223 736 mediante
1255 694 1294 735 ex
1326 676 1387 739 illis

94 773 322 850 quaesiverunt,
339 766 473 826 sciantnc
494 764 610 840 aliquid
633 763 670 823 dc
690 763 739 823 his
762 762 915 836 caedibus,
938 762 997 822 ct
988 770 1032 821 rta
1053 781 1138 821 unus
1150 763 1237 823 alteri
1269 765 1388 827 eosdem

94 859 237 932 tradidit,
261 856 338 914 sicut
361 851 516 911 Christum
537 850 700 910 Dominum
721 850 838 910 Pilatus
872 849 986 909 Herodi
1018 855 1073 909 etc.
1098 848 1237 910 Tandem
1270 852 1388 933 qualem

95 943 366 1045 compensatiouem
389 937 543 999 iecerint
534 958 564 995 m
588 928 737 1015 Teynensi
760 936 885 997 ecclesia
905 936 985 1014 apud
1007 936 1158 1010 lecturam,
1188 943 1219 996 et
1240 938 1366 998 adhuc'
1356 958 1388 999 ιιι

208 1031 257 1089 his
279 1028 347 1089 finis
369 1047 428 1087 non
450 1024 517 1099 fuit,
495 1032 569 1083 tet
590 1026 736 1102 quomodo
759 1024 875 1084 Passelr
898 1041 968 1100 erga
989 1023 1057 1082 illos
1080 1041 1112 1082 sc
1133 1023 1264 1129 gesserit.

181 1201 365 1286 Pragenses
387 1200 552 1259 cessantes
574 1214 595 1257 a
616 1194 683 1258 suis
724 1191 898 1291 illecebris,
935 1190 1065 1257 adalia
1096 1213 1131 1257 sc
1161 1200 1392 1261 converterunt

95 1316 128 1372 et
150 1305 192 1370 de
207 1305 385 1391 iniquitate
407 1320 480 1379 uua,
504 1296 633 1362 aliam¹
622 1297 763 1383 ingressi
786 1305 860 1364 suut
881 1289 1082 1387 iniquitatem
1104 1298 1280 1387 adjuvante
1296 1311 1381 1371 statu

96 1408 391 1476 ecclesiasticot
353 1402 444 1469 titulo
466 1403 642 1468 hominum.
688 1400 780 1467 Sicut
767 1403 886 1467 tenim
919 1400 1042 1469 Pilatus
1073 1403 1237 1470 Christum
1259 1406 1383 1473 Domi·

95 1536 175 1580 num
198 1512 240 1578 ad
262 1509 440 1592 Herodem,
462 1507 571 1572 tunc
562 1507 728 1571 mimicum
753 1528 855 1588 suum,
880 1516 912 1572 et
934 1507 1082 1574 Herodes
1114 1510 1232 1575 iterum
1260 1509 1385 1583 auPi-

93 1621 196 1686 latum
218 1615 398 1683 transmisit
434 1621 465 1677 et
500 1611 576 1677 duci
607 1612 725 1699 jussit:
762 1613 821 1677 ita!
844 1611 1098 1682 administrator
1116 1636 1163 1679 *ex
1199 1616 1388 1681 consistorio

92 1725 182 1812 (Deo
206 1721 266 1787 soli
288 1720 369 1786 haec
390 1716 532 1806 querela,
555 1716 596 1783 ob
619 1726 685 1782 tam
705 1706 895 1782 innocentes
918 1719 1005 1782 etin
1027 1726 1097 1801 tam,
1115 1718 1235 1806 injusta
1265 1718 1388 1786 violen-

91 1831 138 1894 tia
159 1827 307 1892 homiues
344 1821 546 1910 obedientes)
580 1821 623 1887 ad
644 1823 767 1889 curiam
788 1822 822 1885 in
845 1830 991 1887 senatum
1025 1820 1083 1888 hos
1111 1824 1310 1907 innocentes,
1351 1830 1389 1889 et

92 1941 259 1998 senatores
282 1951 324 1994 ex
347 1935 462 1993 senatu·
483 1928 599 1994 iterum
620 1925 663 1991 ad
685 1925 910 1991 consistorium
932 1926 1061 2015 saepius
1082 1927 1294 2005 tradiderunt,
1328 1932 1384 1995 aut

93 2061 136 2104 ex
170 2034 257 2101 tribu
289 2032 331 2098 ad
352 2031 663 2116 administratorem,
697 2041 729 2096 et
760 2030 877 2094 iterum
908 2029 1147 2115 administrator
1179 2033 1222 2098 ad
1257 2032 1387 2120 tribum,

91 2163 162 2208 non
187 2138 297 2223 semel,
320 2137 378 2203 sed
402 2139 531 2224 saepius
553 2133 728 2227 hincinde
750 2134 897 2200 homines
919 2135 979 2201 hos
990 2126 1168 2221 mittebant,
1180 2135 1261 2204 illud
1280 2147 1388 2213 autem

95 2247 160 2313 hoc
182 2243 278 2310 modo
300 2244 468 2331 processit,
499 2240 585 2331 quod
606 2240 658 2306 his
673 2230 823 2306 omnibus
845 2240 1054 2329 temporibus,
1074 2241 1260 2328 incipiendo
1294 2242 1388 2311 adia

93 2352 126 2418 S.
138 2347 327 2417 chceslai
339 2347 416 2415 anui
426 2345 652 2434 praecedentis
664 2353 724 2419 eto.
749 2345 845 2412 1524.
868 2345 961 2411 multi
982 2345 1163 2412 mechanici
1186 2356 1219 2413 et
1238 2348 1389 2435 negocia·

93 2465 182 2522 tores
204 2453 367 2519 alimentis
390 2448 952 2523 destitutiafflictiones·horrendas
975 2452 1194 2517 sustinuerint
1247 2451 1389 2532 Quidam
1454 2480 1457 2485 ·

93 2584 155 2650 per
177 2558 320 2624 medium
341 2577 472 2638 anuum,
505 2555 606 2643 aliqui
641 2576 700 2641 per
733 2553 943 2641 quadrantem
965 2557 1056 2640 anni,
1091 2558 1146 2627 alii
1181 2559 1300 2626 diutius
1323 2558 1389 2625 ali·

94 2673 206 2731 menta
229 2661 292 2728 sibi
313 2680 488 2751 procurare
510 2681 574 2725 non
596 2668 784 2745 potuerunt,
815 2659 933 2746 privati
966 2658 1095 2744 labore,
1119 2664 1210 2752 ,quia
1240 2664 1389 2750 magistri

98 2768 242 2836 tribuum
272 2767 313 2832 de
345 2765 410 2831 illis
439 2764 524 2830 male
546 2764 645 2830 locuti
681 2764 767 2854 apud
788 2765 913 2831 incolas
935 2787 990 2832 ecs
1013 2765 1142 2833 odiosos
1165 2766 1386 2861 reddiderunt,

94 2875 189 2965 quasi
211 2873 352 2960 pessima
373 2876 622 2958 perpetrassent.
672 2869 716 2933 Et
749 2867 826 2935 dum
864 2878 991 2958 tempus
1014 2871 1167 2958 paschale
1189 2871 1386 2958 advenisset,
1423 2864 1426 2869 ’

94 2976 280 3045 sacerdotes
302 2984 358 3040 aut
377 2973 511 3062 parochi
534 2982 710 3060 coegerunt
738 2975 954 3043 territoriales.
984 2998 1059 3043 suos
1092 2977 1135 3043 ad
1170 2977 1389 3066 peragendam

94 3081 350 3163 confessionem,
372 3080 407 3143 in
429 3100 493 3166 qua
530 3077 572 3142 de
607 3077 673 3144 illis
695 3078 902 3173 quaerebant,
926 3103 969 3147 an
991 3081 1032 3147 de
1069 3081 1193 3170 aliqua,
1209 3083 1401 3171 proditione

93 3188 161 3253 illis
183 3194 318 3269 constet,
353 3183 438 3273 quod
461 3183 656 3250 Pickhartae
678 3184 835 3271 quosdam
857 3185 1005 3251 occidere
1027 3186 1207 3266 voluerint3
1230 3196 1391 3256 ettamen

94 3293 216 3359 rescire
237 3289 319 3356 nihil
339 3297 518 3378 potuerunt
551 3290 655 3374 Nota3
678 3288 720 3354 ad
742 3289 853 3377 quales
874 3289 1010 3356 insidias
1033 3301 1065 3356 et
1086 3291 1388 3361 dolumconfessio‘-

95 3420 154 3463 nes
177 3395 259 3461 tales
281 3394 477 3460 instituerint
499 3402 532 3459 et
552 3403 741 3461 convertere
763 3394 933 3478 voluerint,
955 3405 1118 3484 utnempe
1139 3398 1280 3491 resciaut
1301 3399 1388 3489 talia,

97 3512 128 3568 et
152 3522 236 3589 quae
258 3500 332 3567 laici
354 3520 412 3587 per
434 3498 583 3580 torturas,
606 3520 668 3563 nec
689 3498 754 3565 alia
785 3499 840 3565 via
860 3497 926 3563 ullo
948 3498 1043 3565 modo
1067 3492 1258 3590 extorquere
1279 3506 1389 3592 potue-

98 3615 185 3690 runt,
209 3604 349 3693 adquae
371 3625 488 3690 cogere
509 3603 582 3669 illos
605 3602 920 3683 tentaverunt-illud
943 3603 1126 3670 sacerdotes
1149 3614 1181 3671 et
1202 3607 1391 3678 confessarii

98 3711 173 3777 dolo
197 3709 340 3776 clericali
362 3728 572 3796 compensare
595 3707 775 3792 debuerint,
799 3716 832 3773 ut
854 3707 1090 3774 confessionem
1110 3710 1257 3777 r'erelent
1278 3721 1311 3778 et
1334 3714 1389 3781 ho·

95 3818 199 3881 mines
222 3813 377 3897 deferant,
401 3822 433 3879 et
469 3813 599 3879 tandem
620 3812 659 3878 ad
685 3813 851 3907 sauguinis
881 3812 1101 3901 profusionem
1133 3815 1303 3884 deducant
1323 3816 1326 3821 ’
1345 3817 1390 3885 Et

98 3920 173 3986 dum
196 3941 302 4007 neque
324 3941 383 4006 per
419 3916 537 3983 similia
572 3915 697 4002 aliquid
731 3917 860 3983 efficere
895 3925 1077 4006 potuerunt,
1112 3908 1243 3986 tandem
1276 3944 1389 3990 omnes

96 4025 198 4092 trihus
222 4025 405 4090 successive
427 4044 486 4108 per
508 4020 654 4087 ordinem
677 4020 868 4104 citabantur,
890 4022 946 4088 ubi
967 4023 1123 4091 habentes
1146 4027 1232 4092 inter
1253 4018 1388 4094 secon-

99 4134 196 4214 cives,
235 4139 290 4196 aut
330 4127 464 4211 incolas,
499 4127 614 4214 quibus
655 4149 720 4193 non
764 4127 927 4212 favebant,
946 4210 949 4214 Δ
971 4137 1107 4214 notatos,
1145 4130 1267 4207 eisdem
1304 4154 1389 4200 corn·

98 4239 222 4303 mercia·
246 4243 292 4300 et
337 4232 489 4299 alimenta
532 4255 642 4298 eorum
684 4230 937 4320 praecluserunt,
973 4243 1162 4301 accusantes
1198 4235 1271 4302 illos
1319 4239 1390 4304 siue

99 4341 207 4407 debita
243 4339 407 4405 audientia
443 4347 475 4402 et
511 4337 718 4425 probatione,
755 4356 799 4401 ex
819 4337 970 4424 opinione
986 4345 1019 4403 et
1052 4340 1234 4428 suspicione
1266 4343 1390 4411 incerta

101 4455 130 4511 et
151 4447 242 4530 falsa,
267 4445 354 4535 quod
375 4444 522 4509 homines
544 4444 578 4508 in
600 4438 664 4506 fide
687 4443 814 4507 erronei
836 4442 909 4519 sint,
932 4443 975 4508 ad
1006 4443 1297 4513 administratorem
1333 4468 1389 4515 eos

101 4549 303 4629 deferentes,
339 4557 375 4615 ut
410 4548 472 4614 hac
507 4549 553 4627 in,
577 4555 669 4635 parte
708 4545 919 4614 emendentur
955 4555 988 4615 et
1008 4549 1225 4638 respondeant
1263 4552 1304 4617 de
1325 4551 1390 4618 lide

103 4677 167 4736 sua,
200 4665 233 4722 et
268 4657 296 4720 si
328 4653 370 4721 ad
385 4651 537 4720 alimenta
567 4651 752 4740 quaerenda
784 4651 909 4724 admitti
940 4651 1051 4738 velint,
1087 4655 1174 4743 quod
1195 4656 1390 4725 tenebuntur

102 4763 139 4831 ab
176 4762 291 4832 eodem
327 4762 546 4833 testimonium
584 4762 643 4832 sub
666 4761 774 4851 sigillo
795 4761 933 4852 adferre,
956 4771 989 4832 et
1007 4762 1093 4856 apud
1127 4761 1201 4831 illos
1223 4763 1388 4836 exhihere·
