2946 5086
160 321 279 390 accida
300 324 387 389 socio
410 322 489 389 artis
511 288 667 410 pictoriae
680 320 854 404 Germano,
877 320 933 406 qui
949 321 983 386 in
999 316 1137 386 ecclesia
1152 318 1452 387 sanctaeBarbarsa

157 426 244 515 apud
256 425 510 492 S.Francisoum
522 427 636 513 inipso
659 425 740 491 festo
763 424 868 490 fuerat
891 424 934 508 (4.
948 423 1020 492 Oct.
1035 422 1145 512 1524),
1167 424 1225 490 ubi
1247 420 1384 512 quidam
1395 444 1451 490 mo·

159 528 283 596 rachus
295 529 422 597 fabulas
444 530 485 596 de
500 538 611 596 sancta
622 527 768 596 Barbara
782 529 942 616 exposuit,
966 536 998 593 et
1009 525 1085 593 dum
1097 537 1171 615 post
1185 527 1271 593 hanc
1284 527 1452 593 dictionem

158 738 265 825 potius
275 738 465 825 scripturam
481 759 605 804 sacram
619 737 738 825 populo
751 735 901 824 explicet.
923 735 1103 801 Monachus
1112 758 1190 803 vero
1202 735 1260 801 ille
1273 734 1451 823 exemplum

157 840 277 908 ntalum
299 841 457 930 praebuit,
476 841 586 909 verbis
612 840 739 907 acerbis
765 863 838 906 eum
867 841 1005 928 excepit,
1027 839 1166 928 populus
1189 847 1297 904 autem
1324 836 1452 904 audiens

158 945 240 1011 haec
247 949 333 1034 cepit
342 947 508 1033 pictorem,
522 947 652 1013 nomine
663 944 874 1028 Ludovicum,
896 954 927 1010 et
943 943 1033 1009 illum
1046 942 1169 1009 carceri
1189 943 1358 1032 imposuit.
1375 941 1450 1008 Tan·

159 1047 235 1114 dem
246 1049 339 1117 brevi
351 1048 489 1139 quadam
501 1050 554 1117 die
566 1073 609 1117 ex
621 1050 806 1116 carceribus
820 1050 1002 1115 eduxerunt
1013 1049 1174 1135 quendam
1186 1047 1350 1115 Joanuem
1362 1044 1450 1112 Kale-

158 1170 239 1220 neon
254 1154 450 1238 caluariam,
468 1177 488 1220 a
510 1176 573 1241 quo
589 1155 705 1220 fratres
721 1154 852 1239 quidam
864 1153 951 1237 fidei,
973 1175 1076 1241 parra
1094 1154 1199 1241 portio
1211 1152 1331 1238 diotae,
1347 1154 1449 1221 funda·

158 1267 267 1325 menta
290 1267 510 1346 susceperunt,
536 1269 566 1323 et
588 1257 718 1340 habent,
742 1257 807 1343 qui,
830 1267 866 1324 ut
888 1258 1015 1339 dicitur,
1048 1255 1121 1322 ideo
1144 1258 1367 1325 incarceratus
1388 1260 1448 1344 fuit,

160 1362 248 1450 qttod
270 1363 357 1429 donli
380 1375 465 1447 suae,
491 1363 553 1428 sibi
574 1363 638 1450 ipsi
661 1371 693 1427 et
715 1361 857 1428 familiae
880 1385 958 1428 suae
988 1370 1223 1427 sacramentum
1248 1361 1401 1451 Corporis
1421 1374 1448 1429 et

164 1469 339 1555 Sanguinis
363 1466 485 1533 Christi
507 1488 527 1532 a
549 1488 584 1532 se
607 1476 832 1533 consecratum
863 1469 1054 1556 porrexerit,
1077 1465 1134 1532 ubi
1156 1488 1230 1532 oum
1254 1467 1368 1535 eodem
1390 1470 1445 1557 pio·

158 1582 262 1639 torem
283 1570 376 1637 illuni
399 1572 496 1636 etiam
529 1571 570 1636 ad
592 1569 768 1636 numellam
802 1571 994 1656 eduxerunt,
1028 1571 1084 1637 ille
1105 1568 1273 1637 Kaleneca
1308 1573 1444 1658 virgatas

157 1673 227 1759 inii,
250 1684 282 1741 at
304 1678 453 1763 stigmata
476 1677 582 1740 inusto
605 1675 640 1739 iu
662 1674 755 1757 facie,
789 1697 854 1741 una
877 1698 951 1742 cum
973 1677 1097 1764 pictore
1124 1696 1166 1742 ex
1189 1666 1325 1744 civitate
1349 1675 1443 1748 educti

158 1777 298 1846 struunt.
593 1766 598 1776 '
1393 1801 1395 1805 ·

243 1880 420 1967 Kalenenn,
455 1880 531 1949 dum
561 1886 631 1972 jam
654 1893 747 1950 extra
781 1885 946 1950 civitatem
980 1884 1104 1967 fuisset,
1141 1882 1395 1951 admonitionem
1414 1894 1438 1950 et
1472 1955 1473 1958 ,

159 1990 346 2056 winichoni
378 1983 556 2054 ibrventetu
579 1989 621 2054 ad
652 1990 806 2078 populum
830 1991 1091 2055 circumstantem
1114 1988 1200 2071 fecit,
1240 1990 1293 2055 cui
1317 1986 1438 2079 populus

157 2090 328 2182 pecuniam
351 2104 503 2178 magnam
526 2093 679 2180 elargitus
702 2092 771 2178 fuit,
796 2108 894 2181 quam
915 2092 970 2158 ille
994 2091 1101 2157 statim
1124 2092 1159 2156 in
1183 2116 1223 2158 eo
1252 2088 1325 2159 loco
1335 2116 1437 2183 paupe-

157 2191 248 2263 ribus
271 2194 425 2282 elargitus
448 2194 510 2262 ibit
544 2215 583 2262 ac
607 2196 781 2281 distribuit,
816 2197 946 2264 tandem
970 2219 1043 2261 curn
1066 2196 1122 2261 illo
1150 2198 1275 2284 pictore
1300 2198 1436 2264 discessit

249 2288 301 2366 Ita
322 2295 504 2386 pragenses
527 2322 601 2366 cum
625 2300 810 2367 doctoribus
849 2311 880 2366 et
900 2301 1067 2389 prophetis
1105 2301 1172 2364 suis
1202 2300 1356 2387 populum
1377 2296 1437 2366 Pra-⁴

159 2417 293 2494 gensenr
315 2405 357 2471 ad
378 2396 476 2470 fidem
499 2405 708 2471 christianam
731 2405 904 2488 duxerunt,
942 2425 1059 2489 nempe
1081 2425 1141 2490 per
1164 2403 1359 2487 carnificem,
1375 2423 1378 2428 '
1394 2427 1436 2492 ap·

158 2512 342 2600 petitorem,
365 2521 425 2597 por
446 2530 603 2592 carceres,
628 2520 660 2576 ct
682 2511 761 2575 alias
786 2510 892 2576 varias
916 2509 1160 2597 persecutiones
1185 2509 1255 2573 sine
1279 2507 1386 2573 debito
1406 2515 1434 2570 et

159 2615 305 2680 ordinato
329 2615 479 2680 examine
514 2622 546 2677 et
561 2615 651 2700 justo
682 2613 828 2698 judici03
864 2615 909 2678 ita
932 2613 1018 2677 euim
1043 2621 1120 2676 tuno
1141 2611 1337 2697 quibusdam
1359 2611 1433 2678 dixe·

158 2728 242 2800 runt,
266 2719 352 2806 quod
373 2727 451 2783 tunc
467 2720 523 2806 jus
545 2716 670 2783 viribus
693 2717 883 2784 destitutum
919 2719 969 2800 sit,
1005 2717 1052 2781 sic
1087 2717 1184 2790 etiam
1201 2717 1341 2804 justitia,
1376 2715 1436 2789 inde

161 2822 326 2909 sibiipsis
349 2821 502 2907 injuriam
524 2821 732 2889 attrahentes.

245 2927 363 2992 Festus
387 2940 555 3013 possessor
584 2927 726 3012 regionis
754 2926 909 3015 judaicae
943 2944 1112 2990 successor
1136 2924 1289 2989 Caesaris
1321 2921 1435 2989 dicebat

158 3031 293 3098 Judaeis
316 3031 351 3095 in
371 3029 574 3114 Jerusalem,
605 3040 715 3118 utpote
744 3028 923 3096 insidiariis
959 3038 991 3092 et
1024 3025 1115 3093 falsis
1149 3029 1388 3095 accusatoribus
1411 3025 1435 3091 S.

159 3136 261 3218 Pauli,
284 3134 366 3200 baec
390 3134 507 3202 verba:
531 3133 619 3219 quod
641 3133 839 3201 consuetudo
862 3131 948 3220 apud
971 3132 1135 3196 Romanos
1158 3134 1297 3217 nonsit,
1320 3143 1355 3198 ut
1375 3154 1435 3198 con·

159 3250 306 3306 temnant
327 3239 492 3305 bominem
505 3238 774 3320 etcondemnant,
798 3248 972 3324 antequam
994 3225 1138 3325 ille'j‘qui
1159 3247 1341 3321 accusatur,
1363 3257 1437 3325 prac-

162 3354 271 3411 scntes
293 3344 413 3410 habeat
435 3353 650 3428 accusatores,
675 3352 707 3410 et
729 3353 904 3432 antequam
927 3342 1017 3409 locus
1041 3343 1090 3408 illi
1113 3341 1313 3408 defensionis
1338 3352 1369 3408 et
1387 3337 1438 3406 cul·

161 3472 224 3539 pao
248 3450 460 3517 absolutionis
483 3436 676 3536 assignetur.

246 3555 348 3620 Nota:
383 3553 469 3640 quod
504 3554 643 3640 gentiles
677 3576 742 3619 nou
765 3551 963 3618 attenderint
990 3573 1157 3638 personas,
1194 3573 1257 3615 nco
1281 3551 1349 3616 vim
1365 3545 1438 3636 juris

164 3658 395 3739 imminuerint,
420 3656 479 3722 sed
502 3659 585 3723 sicut
606 3666 757 3745 respectu
781 3679 921 3736 suorum,
959 3657 1004 3720 ita
1039 3667 1071 3722 et
1095 3656 1275 3722 alienorum
1294 3644 1440 3744 justitiam

165 3760 473 3835 administraverint.

700 3950 846 4028 CAPUT
868 3951 918 4016 23.

160 4061 222 4125 Ubi
242 4070 371 4137 notatur,
395 4064 475 4140 quod
496 4062 625 4122 lemures
648 4061 796 4134 nocturni,
820 4059 906 4136 quasi
930 4058 1065 4117 homines
1096 4056 1204 4116 armati
1231 4058 1441 4117 obambulantes

156 4148 250 4227 judici
274 4150 385 4211 Burzik
408 4170 440 4209 se
461 4147 709 4220 monstraverint3
732 4155 761 4205 et
784 4149 863 4224 quod
874 4146 1085 4204 baccalaureus
1109 4147 1145 4202 ab
1159 4144 1241 4202 Albo
1260 4144 1362 4204 Leone
1377 4137 1440 4219 apud

161 4257 262 4316 regom
285 4236 388 4316 egerit,
410 4245 443 4297 ut
456 4236 636 4296 Piokhartae
659 4234 856 4310 expellantur,
870 4241 898 4291 et
918 4233 986 4290 dum
1009 4231 1178 4304 redivisset,
1201 4227 1440 4291 nuntiumattulit.

245 4423 308 4490 His
329 4424 445 4489 iterum
467 4423 667 4510 temporibus
690 4429 794 4485 terror
816 4420 926 4484 varius
957 4417 1030 4482 illos
1052 4416 1182 4499 invasit,
1212 4423 1249 4481 ut
1271 4438 1334 4483 neo
1356 4415 1439 4482 scire·

160 4525 235 4612 rint,
258 4549 340 4614 quae
362 4550 460 4614 agere
482 4527 632 4594 debeant.
656 4525 893 4610 Argumentum
916 4522 1012 4609 hujus
1034 4521 1104 4603 fuit,
1117 4518 1203 4606 quod
1217 4519 1357 4607 quodam
1377 4528 1439 4582 tom·

160 4651 240 4720 poro
251 4630 421 4697 Matthaeus
432 4631 564 4715 Burzik,
572 4630 678 4718 judex
688 4626 957 4711 Neo-Pragensis,
972 4625 1100 4712 vesperi
1113 4631 1187 4711 post
1209 4624 1287 4690 solis
1310 4636 1440 4691 occasun

148 4748 261 4817 penas
296 4736 421 4802 curiam
454 4735 750 4820 Neo-Pragsnssm
763 4730 889 4816 stiterit,
926 4728 982 4799 ubi
1013 4729 1193 4796 abeodem
1214 4728 1377 4796 visisunt
1396 4722 1441 4790 cir
