2946 5086
1291 174 1351 244 12⁴1

85 339 150 406 bona
170 348 203 408 et
232 339 372 409 ditiones
405 364 479 435 suas
512 347 781 429 consumpserunt
817 342 852 408 in
883 340 1144 431 expeditionibus
1176 345 1286 430 variis,
1321 355 1354 412 et

86 467 130 509 nos
148 447 269 534 pariter
300 449 348 535 ita
367 449 450 514 mori
472 447 699 514 intendimus.“
745 445 839 512 Haec
862 468 974 513 omnes
1006 448 1185 532 audientes,
1219 449 1355 536 quilibet
1400 490 1411 519 ,-

85 551 287 636 prcfitebatur,
323 575 359 619 se
392 550 486 620 velle¹
517 532 693 619 veritatemx
721 552 859 618 edicere.
912 551 1060 619 Tandem
1087 555 1256 642 jusserunt
1280 553 1354 642 legi

86 656 228 740 articulos,
254 676 391 745 quorum
413 658 536 746 primus
568 668 659 724 sonat
681 658 717 722 in
738 658 820 725 haec
841 656 959 724 verba:
978 656 1101 724 ¹(iorde
1123 659 1220 724 credo
1244 667 1276 724 st
1298 680 1354 724 ore

86 761 226 847 profiteor,
251 761 337 849 quod
355 764 394 844 in
416 770 617 829 sacramento
639 761 751 828 altaris
773 773 844 845 etc,
879 770 912 828 et
941 763 989 829 sic
1011 762 1145 829 ulterius
1167 772 1354 847 contentum
1385 776 1389 783 '

88 867 162 932 etiarn
185 868 221 932 in
242 866 316 932 aliis
339 867 494 951 articulis,
526 890 609 956 quae
630 869 665 932 in
681 867 750 934 ‚hoc
772 867 878 955 capite
899 867 995 956 paulo
1024 876 1099 954 post
1119 867 1355 935 describentur.

87 969 118 1036 lt
134 970 206 1038 dum
229 972 400 1057 articulum
432 973 519 1051 hunc
547 973 772 1061 perlegissent,
805 974 954 1050 stiterunt
985 970 1143 1054 nonnihil,
1172 974 1356 1059 ,quemlibet
1415 1018 1426 1025 -›

86 1075 161 1160 juxta
194 1077 342 1155 ordinem
372 1078 620 1164 interrogantes,
654 1100 696 1143 an
729 1077 791 1143 hoc
823 1075 935 1142 credat
967 1075 1021 1142 vel
1053 1076 1143 1142 non?
1188 1076 1241 1144 Ad
1275 1079 1355 1148 haec
1393 1158 1398 1169 Ι

89 1181 304 1269 responderunt
326 1182 466 1269 quidam,
489 1182 678 1270 prolitentes
710 1204 744 1247 se
772 1183 818 1246 ita
841 1180 1000 1261 credere„
1029 1179 1072 1245 Et
1094 1179 1238 1249 dumita
1260 1207 1356 1251 unus·

93 1288 209 1375 quisque
241 1287 439 1375 respondere
472 1286 593 1371 debuit,
627 1286 732 1352 dixit:
764 1284 870 1352 Credo
903 1286 1052 1354 omnibus
1084 1274 1202 1367 verbis¹
1228 1287 1359 1370 divinis,

93 1411 157 1474 quae
179 1392 314 1457 fundata
344 1402 419 1458 sunt
441 1394 475 1457 in
506 1393 664 1479 scriptura
694 1413 796 1474 sacra,
827 1400 860 1456 et
891 1390 936 1457 ita
965 1391 1031 1478 legi
1064 1392 1195 1459 divinae
1226 1393 1361 1458 firmiter
1441 1418 1443 1425 ·

92 1496 179 1581 credo,
202 1495 290 1584 quod
312 1497 346 1561 in
370 1520 416 1563 ea.
430 1519 482 1588 res
515 1518 613 1577 verae
644 1494 843 1561 adsalutem
865 1495 1069 1562 necessariae
1101 1496 1253 1563 fundatae
1285 1494 1382 1583 sint,'
1410 1563 1412 1568 ,

91 1602 269 1667 nominatim
283 1613 391 1667 autem
413 1601 454 1667 de
477 1601 680 1668 sanctissimo
703 1599 916 1666 eucharistiae
939 1609 1148 1688 sacramento,
1171 1602 1227 1668 ubi
1251 1602 1359 1669 Ohris-

94 1710 133 1768 tus
154 1708 319 1795 accipiens
352 1729 480 1793 panem,
515 1707 617 1772 dixit:
652 1705 725 1771 Hoc
755 1714 807 1772 est
840 1727 956 1792 corpus
987 1728 1105 1791 meum,
1145 1709 1385 1799 etsaccipiens

92 1808 220 1894 calicem,
243 1810 347 1875 dixit:
369 1810 435 1876 Hic
457 1822 507 1881 est
529 1811 660 1898 sanguis
682 1832 773 1876 meus
796 1820 854 1876 etc.
871 1812 969 1898 juxta
990 1810 1137 1877 latiorem
1159 1819 1284 1878 textum
1304 1835 1361 1902 po-

93 1912 180 1999 situm,
203 1917 250 1981 ita
273 1917 356 1981 sicut
390 1914 549 2000 Christus,
584 1917 672 1981 etin
696 1937 791 2002 quem
823 1914 923 1981 finem
950 1914 986 1980 id
1011 1917 1180 1988 instituere
1213 1917 1397 2005 dignatus‘

93 2028 136 2103 est,
160 2030 199 2086 et
221 2021 302 2086 haec
325 2044 377 2087 me
399 2030 550 2110 parentes
582 2030 616 2086 et
643 2021 842 2086 institutores
876 2020 1063 2087 docuerunt.
1109 2019 1293 2102 Quaerebat
1321 2046 1364 2091 ex
1420 2024 1423 2033 '
1466 2082 1470 2087 .

92 2120 134 2189 illc
155 2125 400 2191 administrator·
419 2149 484 2192 una
505 2125 649 2192 alterave
671 2126 761 2210 vice3
785 2147 827 2190 an
850 2119 970 2200 credat,
983 2129 1160 2195 secundum
1180 2129 1268 2196 hunc
1290 2114 1373 2195 arti-⁴

94 2229 186 2295 culum
209 2232 329 2314 omnia,
351 2230 405 2296 vel
426 2229 520 2297 non?
544 2239 576 2295 et
596 2230 684 2317 quod
706 2231 748 2295 de
770 2230 844 2317 lege
861 2230 978 2297 'divina
999 2232 1081 2301 nibil
1103 2234 1225 2301 dictum
1239 2233 1364 2301 fuerit?

92 2325 257 2422 Respondit
271 2336 344 2401 ille:
368 2334 500 2424 quodin
515 2334 566 2400 bis
581 2343 731 2400 constans
754 2343 952 2422 permaneat,
975 2358 1057 2424 quae
1073 2337 1165 2421 dixit,
1189 2349 1365 2428 etrespon·
1430 2346 1432 2351 '

93 2454 149 2502 sum
179 2439 270 2505 aliud
303 2439 381 2506 dare
414 2462 479 2505 non
512 2441 633 2528 possit,
668 2448 701 2504 et
741 2437 867 2504 addidit
895 2450 927 2505 et
953 2441 1067 2528 judico
1100 2464 1152 2509 me
1185 2445 1365 2532 quaestioni

92 2552 205 2610 vestrae
228 2543 435 2616 satisfecisse.
468 2544 616 2610 Audiens
644 2545 737 2610 illum
759 2543 1007 2632 administrator,
1041 2547 1145 2614 dixit:
1167 2548 1242 2614 Jam
1274 2547 1365 2615 audis

92 2628 193 2734 vimus,
229 2649 308 2736 quid
329 2650 364 2714 in
386 2659 418 2714 te
448 2650 580 2728 haereat
613 2657 644 2714 et
676 2649 783 2732 lateat,
815 2650 931 2717 recede
961 2661 993 2717 et
1021 2650 1105 2719 vade
1122 2652 1276 2719 ‘domum
1314 2651 1403 2743 Et„

88 2745 160 2819 inter
181 2754 255 2838 alia,
278 2754 469 2820 dum'illum
493 2744 670 2843 quemlibet
692 2755 832 2820 citarunt
859 2755 903 2822 ad
932 2757 1103 2823 ecclesiam
1132 2781 1191 2847 pro
1214 2759 1368 2851 correcti-¹
1399 2752 1419 2827 ᾗ

87 2873 140 2927 one,
161 2858 336 2946 subcripta,
372 2859 524 2925 dixerunt
559 2858 685 2924 eidem:
719 2859 865 2946 quamvis
900 2863 1007 2928 omnia
1036 2886 1055 2929 a
1085 2864 1178 2931 nobis
1212 2862 1366 2945 mandata

87 2965 297 3052 exequereris,
320 2950 429 3029 tamen
451 2962 510 3028 tibi
540 2965 729 3050 promittere
761 2986 827 3045 non
859 2988 1040 3056 possumus,
1070 2976 1107 3034 ut
1139 2969 1366 3057 suscipiarisa

84 3077 191 3135 senatu
212 3089 272 3156 pro
296 3069 395 3133 cives
420 3067 513 3132 Haec
535 3067 623 3132 dicta
639 3069 710 3155 jam
732 3067 830 3132 fidem
852 3091 917 3135 non
940 3073 1187 3140 concernebant.

161 3172 246 3238 Item
267 3169 349 3238 alios
370 3172 416 3237 ita
440 3175 605 3259 suspectos
627 3171 662 3236 in
683 3171 748 3237 fide
769 3170 942 3240 habebant.
985 3176 1074 3242 Dum
1094 3179 1203 3269 itaque
1224 3177 1280 3269 diu
1301 3200 1366 3246 ser-

80 3291 190 3344 mones
215 3301 289 3344 cum
313 3276 433 3356 eodem,
461 3277 707 3365 protraxissent,
740 3287 816 3344 tunc
845 3279 879 3343 in
912 3281 1051 3346 crastino
1085 3269 1190 3348 eidem
1223 3285 1366 3370 negotia.-

79 3384 197 3449 tionem
223 3392 256 3448 et
278 3382 432 3449 alimenta
454 3381 706 3470 praecluserunt.
740 3382 785 3447 Et
806 3385 859 3448 cui
882 3406 924 3448 ex
946 3386 1136 3452 consistorio
1159 3386 1249 3454 exire
1270 3409 1370 3474 praee

78 3496 243 3575 ceperunt,
261 3488 333 3575 jam
355 3495 546 3574 exspectare
567 3488 672 3575 potuit
702 3510 720 3552 e
742 3488 872 3562 ciuitate
894 3487 1134 3574 relegationem,
1168 3491 1231 3556 nisi
1254 3489 1362 3569 soluti·
1467 3568 1470 3574 Ι

79 3613 139 3658 one
160 3616 231 3658 rem
254 3600 354 3657 tutam
382 3590 585 3659 reddidisset.
606 3642 609 3647 »
633 3591 721 3671 Dum
743 3591 873 3657 tandem
895 3592 951 3657 alii
979 3591 1085 3659 adhuc
1111 3595 1147 3658 in
1176 3595 1365 3661 consistorio

79 3688 345 3784 permansissent,
369 3696 517 3783 legerunt
538 3696 602 3761 illis
626 3696 706 3762 alios
729 3695 892 3780 articulos,
915 3718 1016 3785 usque
1037 3697 1079 3762 ad
1101 3696 1208 3782 finem,
1229 3699 1366 3764 interro·

77 3813 190 3888 gentes
224 3825 288 3885 cos,
321 3810 358 3866 ut
378 3804 478 3890 prins,
512 3823 553 3866 an
575 3802 656 3868 baec
678 3800 838 3867 credant?
871 3809 907 3868 ut
935 3803 1019 3867 sicut
1040 3801 1189 3888 primurn,
1223 3802 1269 3869 ita
1290 3800 1364 3867 reli·

81 3929 143 3994 qua
164 3906 377 3995 profiteantur
398 3929 434 3970 se
455 3908 501 3972 ita
523 3905 666 3970 credere.
710 3904 832 3972 Ultimo
856 3907 985 3973 tandem
1008 3892 1164 3991 quosdam
1187 3927 1364 3993 segregans
1414 3910 1432 3943 ⁵

79 4008 330 4092 administrator,
354 4009 520 4097 mandavit
542 4011 660 4092 eis,.ut
681 4030 715 4073 sc
737 4011 798 4076 ita.
805 4033 920 4097 gerere
942 4010 1110 4077 studeant

159 4116 200 4181 In
224 4115 365 4182 crastino
398 4122 516 4196 autem,
551 4113 684 4179 durnin
707 4112 959 4202 ecclesiajuxta
980 4115 1167 4181 mandatum
1190 4113 1364 4180 convenis·

80 4230 157 4305 sent,
194 4230 263 4286 turn
299 4219 450 4285 sacerdos
472 4216 670 4285 Adalbertus
692 4216 876 4284 Polekruce
909 4219 1023 4303 dictrrs,
1045 4229 1120 4308 post
1152 4218 1365 4289 elevationem

79 4327 271 4392 sacramenti
295 4324 463 4390 admonuit
492 4323 576 4406 illos,
600 4332 635 4387 ut
657 4326 889 4389 correctionem
905 4323 1091 4390 hesternam
1114 4346 1222 4391 coram
1244 4323 1364 4412 populo
1390 4320 1396 4333 ⁸

76 4433 229 4498 universo
252 4431 286 4495 in
318 4416 406 4494 bunc
440 4451 569 4494 sensum
598 4437 762 4517 repetant,
792 4430 882 4516 prius
916 4438 1023 4495 autem
1040 4427 1208 4496 'rovocent
1239 4431 1364 4517 priores
1407 4476 1414 4485 ,

77 4537 135 4616 (ita
157 4533 337 4624 loquendo)
362 4556 496 4599 errores.
539 4531 652 4621 Itaque
686 4534 732 4599 eis
762 4534 796 4600 in
830 4532 943 4600 ordine
964 4533 1048 4621 legit,
1073 4557 1114 4602 ex
1145 4541 1302 4620 sextante,
1333 4541 1366 4600 et

74 4641 215 4733 populus
233 4641 330 4730 juxta
352 4639 443 4725 illum
464 4639 510 4706 ita
532 4637 631 4704 dixit:

521 4742 615 4811 Haec
637 4741 699 4812 fuit
720 4743 904 4813 revocatio:
