2946 5086
1323 196 1389 270 236

98 374 134 441 in
156 373 322 442 civitatem
343 374 514 443 venientes
538 374 647 442 omnia
672 374 806 441 omnino
827 373 952 463 reliqua
983 373 1192 442 abstulerunt.
1242 371 1389 442 Tandem

99 482 245 547 caesarei
266 480 384 547 milites
406 502 514 546 arcem
536 482 642 547 sancti
664 478 793 566 Angeli,
820 478 877 545 ubi
898 478 1044 567 pontifex
1066 503 1140 549 cum
1161 477 1388 563 cardinalibus,

58 576 60 582 ’
98 586 261 673 praelatis,
285 584 463 672 etreliqua
484 584 558 674 aula
580 607 638 651 sua
673 585 863 670 confugiens
892 583 1040 670 degebat,
1073 585 1246 672 diligenter
1277 585 1387 650 cinxe-

97 699 173 755 runt
205 698 237 755 et
257 691 457 756 incessanter
489 698 725 778 oppugnarunt,
761 689 865 755 donec
897 689 1029 755 tandem
1061 701 1174 777 quarta
1206 691 1259 757 die
1291 697 1387 756 antea

101 794 259 860 nominati
291 796 413 859 mensis
445 794 504 859 sub
535 794 744 882 sequentibus
778 791 1016 860 conditionibus
1039 797 1199 863 caesareis
1231 793 1385 862 militibus

104 922 139 965 se
162 898 359 965 subdidisset
383 907 414 965 et
436 901 668 986 transegisset:

188 1003 314 1089 Prim03
331 1012 368 1069 ut
387 1004 478 1092 Papa
493 1027 566 1070 cum
582 1002 800 1070 cardinalibus
814 1008 907 1070 utens
923 1003 1093 1090 congenita
1104 1003 1209 1089 gratia
1223 1024 1386 1091 caesarea,

97 1131 132 1174 se
154 1109 262 1196 ipsum
284 1131 358 1175 cum
380 1109 535 1175 tredecim
557 1109 785 1192 cardinalibus,
809 1108 863 1196 qui
894 1129 967 1174 cum
1000 1107 1114 1174 eodem
1142 1110 1178 1173 in
1199 1130 1275 1174 arce
1298 1111 1383 1176 exis·

98 1221 179 1291 tum,
212 1213 364 1300 potestati
398 1215 540 1279 caesarei
570 1215 732 1280 exereitus
763 1212 923 1299 subjiciat,
956 1220 993 1276 ut
1012 1212 1184 1301 Neapolim
1217 1212 1384 1302 ducantun

102 1316 224 1383 abinde
246 1339 324 1382 vero
346 1316 488 1399 ulterius,
513 1339 576 1402 quo
599 1316 683 1383 Suae
704 1316 868 1405 Majestati
890 1337 1060 1383 caesareae
1087 1317 1255 1406 placuerit.

191 1420 359 1508 Secund03
381 1429 417 1485 ut
437 1421 526 1508 Papa
548 1423 655 1486 statim
678 1430 844 1488 enumeret
865 1430 993 1487 centum
1016 1420 1117 1487 millia
1138 1443 1308 1487 aureorum
1329 1442 1388 1510 pro

102 1524 291 1592 exolutione
323 1525 460 1591 militum
493 1548 730 1612 germanorum,
762 1528 847 1591 intra
878 1526 997 1611 viginti
1020 1524 1089 1590 dies
1111 1534 1218 1591 autem
1240 1526 1388 1613 proxime

98 1640 257 1697 venturos
280 1629 385 1695 denuo
409 1631 642 1718 quinquaginta
664 1629 766 1696 millia
788 1653 846 1719 pro
868 1629 1035 1718 Hispanis,
1065 1642 1096 1696 et
1117 1638 1153 1695 ut
1174 1629 1306 1695 mandet
1334 1628 1389 1695 de·

94 1732 320 1823 poniatribus
333 1732 478 1799 ecclesiis
500 1734 565 1799 alia
587 1735 650 1801 due
672 1733 775 1800 millia
788 1756 967 1819 aureorum,
1001 1735 1058 1800 tali
1078 1734 1184 1817 modo,
1196 1743 1232 1799 ut
1252 1736 1389 1822 pecunia

96 1840 183 1905 haec
207 1839 357 1904 celeriter
379 1847 595 1926 congregetur
617 1839 659 1905 ad
681 1838 833 1905 alendum
854 1838 1010 1929 populum
1031 1839 1127 1927 hujus
1151 1841 1321 1922 exercitus,
1350 1850 1383 1906 et

95 1951 134 2008 ut
156 1941 244 2008 illico
278 1942 373 2008 cedat
393 1945 428 2008 in
450 1964 564 2008 manus
598 1953 630 2009 et
650 1953 843 2031 potestatem
877 1943 1003 2010 adhoc
1036 1943 1210 2011 electarum
1231 1966 1274 2010 ex
1295 1943 1381 2011 dicto

96 2050 246 2116 exercitu
266 2070 477 2136 personarum
492 2049 622 2114 nomine
634 2048 720 2115 Suae
740 2047 919 2114 Caesareae
940 2049 1131 2138 Majestatis,
1144 2048 1264 2117 dictam
1280 2074 1389 2119 arcem

99 2153 132 2220 S.
152 2152 281 2240 Angeli,
295 2175 369 2217 cum
380 2150 528 2218 omnibus
540 2155 647 2236 armis,
660 2154 839 2235 tormentis,
849 2151 1080 2220 munitionibus
1091 2162 1123 2220 et
1133 2158 1278 2240 annonis,
1291 2179 1389 2245 quae-

101 2281 232 2346 cunque
247 2259 281 2323 in
293 2256 350 2323 illa
364 2259 583 2346 reperiuntur3
607 2267 639 2325 et
658 2267 694 2324 ut
704 2256 818 2323 urbem
840 2258 1004 2343 antiquam
1017 2256 1139 2347 (Civita
1149 2260 1305 2351 Veccbia)
1318 2284 1390 2328 curn

98 2373 197 2451 portu
233 2371 264 2428 et
297 2361 446 2428 omnibus
479 2361 551 2427 aliis
582 2362 679 2430 rebus
710 2361 854 2449 bellicis3
884 2362 960 2428 item
998 2363 1172 2443 Parmam,¹
1188 2366 1388 2451 Placennam,

95 2467 256 2532 Mutinam
277 2467 424 2535 civitates
446 2471 491 2535 ita
513 2469 693 2537 nominatas
714 2468 872 2533 restituat.
894 2467 1023 2554 Tertio;
1046 2478 1083 2534 ut
1109 2469 1258 2536 restituat
1286 2470 1388 2537 cardi-

101 2572 169 2638 nali
192 2570 404 2639 Oolumnensi
425 2574 616 2662 praehabita
637 2573 753 2658 officia,
776 2572 969 2660 dignitatem
992 2581 1024 2640 et
1045 2574 1216 2660 honorem,
1238 2574 1386 2642 itemdo·

104 2677 242 2742 minium
263 2700 283 2743 a
304 2679 493 2765 parentibus
516 2681 587 2768 ejus
609 2680 767 2757 relictum,
789 2701 853 2767 quo
875 2679 1020 2767 privatus
1042 2677 1111 2745 fuit.
1133 2677 1216 2756 Item
1226 2687 1261 2745 ut
1282 2680 1383 2746 omni·

104 2781 167 2848 bus
191 2782 263 2848 aliis
286 2781 556 2851 Columnensibus
578 2785 737 2867 restituat,
760 2784 877 2872 quibus
900 2806 956 2851 eos
977 2785 1133 2872 privavit.

187 2886 327 2974 Quarto,
349 2898 385 2956 ut
395 2888 513 2956 liberos
525 2888 665 2955 dimittat
677 2889 921 2973 Columnenses,
944 2897 977 2956 et
997 2910 1108 2956 omnes
1130 2887 1387 2955 aliascaesareas

103 2993 214 3079 copias
237 3013 281 3057 ex
300 2993 424 3080 poenis,
448 2992 670 3060 exactionibus
693 3002 726 3060 et
745 2993 885 3078 tributis,
908 2995 944 3060 in
973 3015 1056 3082 quae
1085 2993 1276 3079 inciderant,
1310 2994 1387 3062 dum

102 3104 218 3163 contra
240 3096 378 3162 eundem
411 3107 444 3163 et
464 3097 584 3165 Sedem
606 3097 816 3188 apostolicam
847 3106 1075 3187 processerunt
1096 3108 1130 3164 et
1157 3107 1300 3186 egerunt.
1344 3099 1388 3165 Et

96 3201 160 3269 hoc
195 3200 290 3267 modo
311 3202 402 3290 Papa
423 3224 497 3269 cum
518 3203 600 3295 urbe
629 3204 776 3269 Romana
796 3204 831 3268 in
852 3212 1045 3292 potestatem
1082 3205 1222 3272 caesaris
1244 3203 1384 3286 devenit,

98 3328 163 3371 nec
185 3304 304 3372 abinde
327 3306 491 3374 declinare
511 3310 622 3396 potuit.
669 3306 847 3395 Hucusque
869 3307 911 3374 de
931 3307 992 3375 his.

641 3497 787 3566 CAPUT
811 3497 860 3567 19.

97 3676 164 3738 Ubi
186 3676 365 3737 describitur
386 3679 424 3738 de
443 3674 565 3756 reginae
586 3678 694 3738 Annae
715 3679 845 3758 Pragam
867 3679 1006 3739 adventu.
1038 3678 1114 3738 Item
1137 3675 1286 3755 quemodo
1314 3694 1386 3736 exu-

95 3766 145 3822 les
166 3780 184 3821 a
204 3782 276 3843 rege
297 3771 466 3825 constanter
483 3767 596 3843 justam
617 3765 821 3845 provisionem
843 3773 873 3825 et
884 3763 1082 3827 defensionem
1101 3763 1266 3844 petiverint,
1291 3781 1387 3841 usqne

95 3853 168 3910 dum
192 3870 227 3912 eo
262 3852 438 3931 devenisset,
462 3852 540 3930 quod
575 3853 733 3912 terminum
756 3849 924 3913 audientiae
952 3850 1068 3930 utrique
1101 3851 1178 3929 parti
1211 3850 1385 3928 assignave-

94 3939 146 4012 rit,
171 3946 201 3996 et
221 3940 323 4014 quales
345 3948 416 3999 tunc
437 3936 648 4000 reluctationes
670 3941 788 4002 luerint.
834 3941 971 4001 Tandem
992 3939 1158 3999 concedens
1192 3937 1237 3996 illi
1269 3939 1385 4000 salvum

95 4024 277 4085 conductum
299 4026 435 4085 exulibus
457 4027 579 4087 rescidit
601 4029 817 4089 accusationem
850 4036 880 4088 et
902 4029 940 4086 ad
961 4025 1191 4086 transactionem
1214 4043 1264 4084 eos
1289 4026 1381 4086 remi·

95 4111 147 4184 sit,
171 4118 200 4169 et
222 4112 291 4170 dum
313 4133 347 4172 eo
381 4115 561 4188 devenisset,
584 4115 687 4174 exules
711 4135 766 4176 sua
786 4108 963 4192 gravamina
993 4119 1222 4193 proposuerunt,
1245 4112 1379 4190 Prageu·

97 4218 148 4258 ses
179 4217 251 4258 vere
273 4199 341 4258 illos
364 4201 491 4261 ludibrio
518 4204 661 4261 habentes
690 4203 882 4275 remiserunt3
915 4202 967 4260 sed
1005 4199 1036 4258 hi
1060 4200 1155 4257 denuo
1183 4199 1386 4262 accusationes

156 4303 226 4345 suas
251 4287 446 4363 protulerunt,
468 4289 518 4348 ubi
540 4309 594 4348 rex
617 4289 653 4348 de
676 4309 753 4348 novo
775 4289 844 4350 illos
867 4289 905 4347 ad
927 4281 1164 4347 transactionem
1189 4284 1315 4346 remisit.

182 4469 257 4536 ¹dam
280 4470 385 4537 denuo
419 4494 552 4538 necesse
574 4471 635 4537 erit
656 4472 697 4538 ad
720 4472 950 4561 praecedentes
974 4473 1135 4558 inceptam
1168 4471 1386 4537 narrationem

93 4573 214 4657 redire,
231 4575 343 4641 ordine
355 4577 417 4642 mci
430 4576 595 4666 propositi.
617 4575 730 4664 Itaque
742 4577 795 4641 die
810 4576 994 4658 Dominica,
1008 4574 1103 4640 tertia
1123 4572 1177 4639 die
1188 4572 1387 4661 postiestum

93 4680 128 4747 S.
154 4679 309 4745 stanislai
331 4680 398 4768 (10.
417 4681 501 4769 Maj)
524 4683 620 4748 Anna
651 4683 766 4768 regina
787 4679 966 4747 Behemiae
998 4701 1082 4746 anno
1100 4680 1171 4770 jam
1192 4677 1279 4744 dicte
1302 4678 1384 4745 1528

90 4785 233 4872 Pragam
255 4783 397 4872 advenit,
422 4807 484 4853 rex
504 4808 583 4856 vero
604 4783 832 4879 Ferdinandus
855 4795 933 4855 tunc
954 4785 989 4853 in
1010 4806 1086 4853 arne
1105 4783 1264 4887 l’ragensi
1293 4804 1385 4874 prae·
