2946 5086
192 170 254 238 118

191 347 301 433 legere
324 353 374 412 est
393 346 429 412 in
450 343 613 412 chronicis
630 343 821 412 Bohemiae.
864 346 1003 414 Bohemi
1025 354 1134 414 autem
1151 334 1190 415 'et
1209 347 1340 417 Moravi
1362 351 1464 418 adver·

191 458 296 516 tentes
319 449 385 516 sibi
406 472 559 536 magnum
581 450 750 516 imminere
771 450 961 538 periculum3
983 451 1120 519 Bohemi
1134 453 1268 541 quidem
1284 462 1382 542 super
1401 457 1467 523 hacc

191 556 348 624 diversim
370 555 630 639 meditabantur,
653 556 731 622 licet
752 556 907 641 audacter
929 568 961 623 et
982 567 1112 625 strenue
1135 560 1281 625 inimicis
1295 562 1466 647 restiterint,

191 672 227 730 ut
262 663 309 728 ita
343 661 465 728 malum
487 661 549 728 hoc
586 659 769 751 aliqualiter
790 665 983 729 inminutum
1005 661 1113 747 fucrit,
1130 663 1350 729 nihilominus
1371 674 1467 732 tamen

188 770 285 857 juxta
305 767 516 833 necessitates
539 790 614 833 suas
636 769 870 839 venientesad
892 778 994 835 terras
1008 776 1148 852 exteras,
1163 768 1380 835 adversitates
1391 793 1467 855 mag·

193 898 253 941 nas
276 876 409 941 sufferre
433 874 617 940 debuerunt
636 872 771 956 tamdiu,
793 873 899 939 donee
920 872 1006 960 apud
1029 872 1140 938 sedem
1169 873 1351 939 Romanam
1384 897 1468 960 agere

193 981 392 1068 incepissent
413 979 541 1064 magnis
564 986 596 1041 et
618 977 814 1044 notabilibus
837 980 989 1067 expensis
1012 986 1045 1043 et
1066 977 1352 1064 sollicitudinibus,
1383 989 1417 1044 ut
1434 979 1468 1044 ad

193 1084 366 1175 aliqualem
388 1084 528 1171 quietem
561 1082 776 1148 etmalorum
799 1072 1065 1170 compositionem
1086 1084 1262 1170 pervenire
1282 1085 1415 1171 possint,
1444 1091 1469 1148 et

191 1213 212 1257 a
233 1189 328 1257 bellis
350 1197 406 1254 aut
426 1188 536 1253 nimiis
560 1188 762 1253 contumeliis
785 1187 926 1272 liberari,
959 1187 1126 1277 usquead
1158 1187 1346 1255 ulteriorem
1376 1193 1469 1279 provi·

194 1295 328 1379 sionem,
362 1294 511 1381 quamvis
547 1292 653 1357 adbuc
685 1292 831 1380 plenarie
863 1293 1009 1358 notitiam
1032 1300 1064 1357 et
1085 1292 1206 1379 dogma
1228 1292 1313 1380 legis
1335 1295 1468 1381 divinae,

199 1398 366 1488 usquead
388 1405 515 1484 tempus
538 1418 559 1461 a
578 1396 651 1461 Deo
673 1392 854 1485 praefixum
886 1418 952 1462 non
976 1397 1187 1483 susciperent,
1210 1399 1327 1465 saltem
1348 1409 1383 1466 ut
1402 1403 1466 1465 arti·

194 1502 411 1571 culumrhunc
432 1503 564 1571 unicum
587 1501 628 1567 de
650 1503 875 1569 communione
898 1501 958 1567 sub
980 1509 1115 1588 utraque
1129 1503 1247 1591 Specie
1267 1514 1466 1571 assumerent.

277 1608 415 1675 Factum
438 1615 487 1672 est
509 1605 639 1670 tandem
661 1628 746 1674 anno
769 1608 903 1677 Domini
928 1610 1022 1688 1533,
1045 1609 1285 1697 quodpropter
1308 1609 1391 1676 hanc
1406 1633 1467 1676 oau-

197 1736 266 1780 sam
288 1713 419 1779 comitia
441 1713 567 1798 Pragae
590 1710 744 1776 Bohemis
768 1721 800 1778 et
822 1713 965 1780 Moravis
987 1713 1185 1785 eirea-diem
1208 1713 1244 1779 δ’.
1266 1713 1398 1785 Martini
1426 1714 1466 1778 11·

194 1822 279 1887 erint
299 1819 455 1902 instituta,
478 1819 513 1883 in
536 1816 652 1907 quibus
674 1825 783 1883 actum
804 1819 866 1885 fuit
887 1841 960 1884 cum
983 1817 1140 1885 Filiberto
1154 1815 1399 1884 Constantiensi
1413 1820 1460 1905 epi

194 1947 304 2014 scopo,
329 1931 360 1989 et
372 1923 443 1989 aliis
465 1921 619 2010 praelatis
636 1923 812 1988 aRomana
834 1922 911 1991 sede
934 1923 975 1988 ad
997 1923 1059 1988 hoo
1081 1923 1263 1989 constitutis
1287 1932 1321 1989 et
1345 1925 1472 2004 emissis,

194 2029 235 2095 de
257 2030 309 2094 his
331 2023 522 2115 subscriptis
545 2026 700 2108 articulis,
723 2029 778 2113 qni
812 2026 853 2092 ob
874 2027 1113 2092 incommodum
1135 2028 1268 2096 lectoris
1292 2040 1335 2098 et·
1352 2033 1468 2120 prolixi·

194 2143 293 2219 tatem
313 2134 442 2200 illorum
475 2154 541 2198 non
564 2139 639 2196 sunt
657 2130 702 2203 ‚de
723 2131 825 2197 verbo
847 2132 890 2196 ad
913 2132 1050 2198 verbum
1072 2133 1126 2199 hic
1146 2126 1380 2223 appositi‚'sed
1409 2147 1463 2203 tan·

194 2249 262 2305 tum
285 2260 399 2305 sensus
430 2237 559 2302 illorum
591 2235 794 2302 brevioribus
826 2236 946 2303 verbis
959 2237 1014 2302 hic
1036 2236 1230 2324 continetur,
1268 2244 1326 2330 qui
1360 2243 1458 2308 deinde

195 2345 332 2412 concilio
355 2343 538 2409 Basileensi
560 2364 632 2409 cum
656 2343 782 2428 magnis
805 2342 1052 2457 aenigmatibus,
1087 2343 1203 2430 sigillis
1227 2347 1406 2414 confirmati
1425 2348 1459 2412 fu

196 2459 301 2519 erunt.
323 2450 367 2517 Et
389 2459 463 2516 sunt
487 2457 675 2537 sequentes:

277 2557 360 2622 Item
388 2544 542 2621 articulus
566 2556 708 2675 primus3
732 2550 818 2640 quod
840 2551 980 2618 Bohemi
1004 2514 1037 2617 11
1058 2552 1184 2619 Moravi
1209 2554 1276 2621 fide
1287 2558 1452 2646 pubere
1424 2555 1460 2619 d

195 2662 325 2729 buerint
345 2684 405 2750 pro
428 2658 578 2727 omnibus
602 2660 668 2725 suis
689 2658 816 2742 incolis,
840 2668 872 2724 et
894 2657 1037 2747 quolibet
1060 2660 1280 2746 singulariter,
1304 2672 1337 2728 et
1359 2686 1391 2727 se
1406 2659 1459 2726 sub·

196 2766 334 2850 mittant,
369 2766 456 2831 etin
479 2787 514 2830 se
537 2764 717 2852 suscipiant
746 2763 891 2847 bonam,
914 2764 1050 2850 firmam,
1085 2774 1117 2831 et
1137 2775 1330 2854 perpetuam
1359 2788 1463 2854 pacem,

197 2888 315 2958 nempe
336 2869 554 2936 obedientiam
578 2878 715 2957 excepta
737 2871 962 2936 communione
995 2870 1055 2936 sub
1085 2878 1222 2958 utraque
1254 2873 1372 2960 specie,
1406 2871 1463 2935 dun

200 2977 286 3043 enim
309 2975 482 3041 concilium
504 2969 692 3041 Basileense
707 2976 841 3060 agnovit
855 2976 1024 3041 veritatem
1034 2977 1158 3064 justam
1169 2977 1267 3063 hujus
1274 2976 1464 3063 sumptionis,

198 3092 265 3147 tum
287 3083 391 3169 primo
414 3079 597 3146 debuerunt
618 3078 790 3146 admittere
811 3080 930 3169 populo
953 3085 987 3147 in
1009 3081 1103 3146 annis
1124 3089 1250 3146 tantum
1274 3080 1466 3147 adultioribus

198 3188 446 3272 communicare,
470 3196 502 3252 et
523 3194 559 3250 ut
581 3185 774 3270 sacerdotes,
814 3187 869 3273 qui
891 3185 1203 3270 administraverint,
1238 3208 1295 3253 eos
1326 3188 1468 3252 instruant

199 3293 357 3376 homines,
380 3300 416 3357 ut
437 3313 554 3380 nempe
577 3290 720 3373 credant,
747 3291 834 3378 quod
857 3291 916 3357 sub
933 3291 1042 3378 specie
1063 3293 1158 3378 panis
1179 3313 1248 3356 non
1269 3299 1468 3358 1111111111-

200 3423 271 3490 pus,
307 3422 369 3466 nec
393 3399 452 3466 sub
476 3401 584 3488 specie
606 3400 675 3466 vini
696 3406 821 3464 tantum
844 3398 994 3482 sanguis,
1021 3394 1079 3460 sed
1094 3394 1181 3483 quod
1207 3395 1268 3462 sub
1291 3416 1467 3485 unaquaque

203 3507 312 3594 specie
324 3508 451 3592 integer
474 3517 505 3573 et
526 3505 687 3593 perfectus
710 3505 752 3569 sit
772 3501 932 3581 Christus,
956 3511 988 3568 et
1010 3501 1051 3566 ad
1073 3501 1154 3566 haec
1176 3499 1361 3567 debuerunt
1382 3499 1469 3588 expli·

204 3638 278 3681 care
301 3615 493 3703 scripturam
515 3633 650 3694 sacram,
673 3607 833 3696 quomodo
856 3607 918 3673 hoc
941 3605 1080 3690 intelligi
1102 3604 1231 3690 debeat,
1258 3604 1301 3672 ad
1322 3608 1468 3672 instruen-

202 3720 279 3786 dum
302 3717 465 3806 populum,
489 3739 547 3805 pro
571 3716 731 3784 evitandis
754 3712 917 3781 erroribus
938 3712 1066 3777 futuris.-

286 3824 368 3889 Item
392 3823 552 3889 secundus
584 3822 756 3906 articulus3
786 3821 871 3909 quod
894 3827 1028 3908 peccata
1051 3816 1202 3883 mortalia
1219 3814 1371 3904 impediri
1387 3813 1470 3879 debe·

203 3939 268 4015 ant,
292 3920 488 3996 eradicando
511 3926 576 4010 illa,
600 3925 685 4015 ‘apud
709 3926 831 3991 clerum
853 3946 912 4013 per
934 3923 1079 4005 clericos,
1110 3919 1197 4009 apud
1219 3919 1323 3988 laicos
1344 3942 1399 4009 per
1420 3939 1456 4005 po

203 4044 353 4111 testatem
374 4033 499 4101 laicam.

288 4140 371 4206 Item
393 4140 506 4205 tertius
529 4136 700 4223 articulus3
724 4135 810 4223 quod
834 4133 968 4201 verbum
990 4132 1054 4198 Dei
1077 4130 1334 4198 asacerdotibus
1350 4130 1388 4196 ad
1405 4129 1455 4194 hae

204 4247 298 4333 aptis,
333 4245 388 4334 qui
409 4245 499 4332 prius
522 4265 542 4307 1
566 4244 631 4308 suis
655 4240 877 4329 superioribus
901 4239 1077 4305 examinati
1111 4244 1144 4302 et
1164 4232 1339 4328 approbati
1359 4236 1462 4304 fuerint

205 4350 317 4433 libere,
341 4351 493 4438 episcopo
517 4348 748 4429 consentiente,
772 4345 953 4432 praedicari
976 4345 1090 4432 possit.

289 4456 371 4521 Item
408 4452 561 4519 articulus
595 4461 743 4542 quartus,
781 4452 867 4540 quod
890 4452 994 4518 clerus
1028 4451 1116 4517 bona
1148 4450 1321 4536 ecclesiae,
1357 4469 1468 4539 quoru·¹

205 4571 346 4637 rectores
370 4570 453 4646 sunt,
432 4559 627 4626 tfideliter
648 4558 802 4623 administ
790 4566 875 4622 trare
909 4580 926 4622 e
929 4557 1123 4646 possidere
1136 4556 1291 4643 debeant
1315 4553 1465 4624 secundun

208 4667 452 4733 constitutiones
475 4665 667 4731 Sanctorum
689 4663 839 4745 Petrum,
876 4669 907 4726 et
894 4663 1007 4729 ttalia
1029 4661 1190 4730 ecclesiae
1223 4663 1312 4777 bona
1344 4661 1382 4769 ab
1411 4655 1462 4723 aliis

194 4769 321 4860 injuste
289 4770 447 4840 tadimi
473 4777 506 4839 et
527 4768 691 4860 possideri
711 4786 777 4835 non
799 4763 947 4835 debeant.
