2946 5086
1281 203 1352 279 tbi

74 382 140 448 satis
172 382 345 449 inhoneste
368 402 443 449 cum
465 383 552 472 turpi
573 381 726 449 infamiae
747 381 877 450 macula
899 401 934 447 se
956 378 1121 446 retrahere
1143 377 1263 447 debuit
1285 377 1352 446 Ab·

74 487 139 553 inde
159 490 195 553 in
217 488 381 558 Saxoniae
403 488 566 555 civitatem
587 487 874 576 Wittembergamss
895 484 938 552 ed
965 484 1155 571 magistrum
1183 485 1359 553 Martinam

74 588 229 658 Latiarum
269 591 435 659 doctorem
466 593 549 680 legis
582 592 713 660 divinae
749 615 784 658 se
816 591 948 679 recepit,
984 589 1041 656 ubi
1078 591 1219 678 speciem
1255 590 1359 685 hypo·

74 697 160 762 critao
182 718 360 781 assumens,
384 698 477 784 quasi
505 697 670 765 ferventer
690 694 868 763 veritatem
892 694 974 782 legis
1013 693 1136 762 Christi
1157 704 1356 788 sequeretur,
1431 757 1435 768 ‚

78 803 231 867 sciscitans
253 801 288 866 in
317 801 381 868 hac
401 801 492 887 urbe,
515 810 547 868 et
583 823 741 890 quaerens
763 801 851 890 apud
872 802 979 867 varios
1008 797 1096 864 vitae
1124 801 1296 887 magistros
1319 797 1360 868 de
1423 838 1426 849 .

75 913 151 971 recta
169 907 316 991 veritate,
339 906 399 974 sub
424 906 507 972 falsa
529 915 562 973 et
581 905 690 973 velata
721 906 919 990 intentione,
949 901 1036 991 quod
1063 900 1184 968 deinde
1211 903 1360 1002 ipsemet,

78 1004 141 1073 dun
166 1010 305 1096 Pragam
336 1032 487 1078 reversus
519 1008 644 1093 finisset,
666 1009 772 1076 basus
805 1008 881 1091 fuit,
903 1007 1033 1073 dicens:
1066 1005 1147 1072 illud
1183 1006 1356 1096 plurimum
1436 1076 1438 1086 ,

80 1108 139 1177 ideo
158 1113 289 1198 fecisse,
327 1124 359 1180 et
387 1136 423 1180 se
455 1114 541 1202 apud
569 1100 751 1182 ¹Lutherum
783 1105 971 1197 detinuisse,
1002 1120 1039 1177 ut
1073 1112 1193 1178 resciat
1221 1112 1358 1200 perinde
1416 1141 1421 1151 ¹

83 1214 206 1299 ejusdem
229 1227 261 1284 et
283 1217 419 1285 aliorum
441 1217 692 1285 consuetudines
722 1217 956 1300 Pickharticas,
986 1217 1123 1304 illasque
1146 1237 1358 1304 cognoscens,

83 1316 184 1386 facilius
205 1318 378 1390 accessum
396 1322 542 1388 invenire
551 1323 656 1410 possit
676 1320 719 1389 ad
740 1321 952 1387 destruendos
976 1328 1142 1408 suspectos
1155 1320 1359 1410 Pickhartas,

86 1433 156 1506 prout
176 1426 274 1492 etiam
296 1425 416 1492 deinde
430 1426 512 1493 illud
527 1427 642 1505 effecit,
666 1423 752 1514 quod
764 1425 986 1493 osculofilium
997 1425 1137 1491 hominis
1159 1424 1361 1528 prodiderit3

87 1536 108 1590 et
122 1529 237 1596 ibidem
272 1530 450 1599 secundum
483 1531 619 1599 aliorum
651 1531 842 1599 relationem
873 1531 1044 1598 hominum-
1069 1531 1247 1619 permansit
1276 1529 1361 1598 ultra

85 1649 159 1698 mom
181 1635 395 1724 quadrantem
416 1638 503 1721 anni,
537 1637 622 1702 intra
648 1635 745 1728 quod
767 1634 892 1725 tempus
920 1632 1153 1702 sollicitabatur
1181 1635 1268 1723 apud
1296 1634 1360 1701 Lu·

81 1735 196 1831 tlerunt,
224 1752 262 1809 ut
284 1747 406 1831 scripta
438 1755 470 1810 et
492 1744 594 1811 libros
615 1744 656 1810 de
686 1745 916 1810 constitutione
947 1752 981 1810 et
1006 1730 1163 1808 electione
1185 1738 1359 1806 sacerdotii

79 1837 114 1912 ita
145 1847 248 1914 dictos
281 1848 433 1914 conficiat
458 1831 498 1914 ¹et
519 1847 710 1934 conscribat,
726 1856 823 1938 atque
857 1849 892 1914 in
924 1847 1114 1930 Bohemiam
1157 1846 1360 1929 transmittat,

74 1945 143 2018 siout
164 1954 261 2018 etiam
282 1962 358 2041 post
380 1955 535 2041 exiguum
556 1960 685 2042 tempus
719 1954 767 2018 ita
791 1953 912 2019 factum
933 1952 1013 2039 fuit3
1038 1950 1124 2041 quod
1146 1951 1302 2039 scriptum
1328 1957 1361 2016 et
1386 2028 1390 2051 ρ
1459 1970 1461 1977 ·

74 2043 170 2121 literae
191 2078 234 2122 ne
256 2058 453 2137 reticeantur
475 2065 531 2123 aut
563 2059 772 2135 occultentur,
793 2055 845 2122 his
877 2056 988 2124 verbis
1003 2134 1006 2139 ,
1023 2056 1117 2133 hicce
1154 2062 1359 2139 annotantur,

74 2160 213 2240 luosdam
235 2169 343 2227 autem
364 2161 469 2248 adhuc
497 2160 649 2228 articmm
671 2163 706 2226 in
728 2161 790 2236 hoo
808 2161 964 2250 scriptum
985 2161 1123 2248 ipsemet
1145 2160 1204 2226 sub
1226 2161 1357 2227 nomine

74 2255 191 2332 'lutheri
212 2265 348 2351 addidit,
383 2277 416 2332 et
443 2266 586 2333 liuthero
620 2266 729 2331 omnia
760 2264 934 2356 adscripsit
940 2289 950 2361 3
996 2275 1091 2354 prout
1121 2265 1282 2332 Lutherus
1315 2263 1358 2332 ad
1420 2288 1424 2298 ¹

74 2362 264 2437 lohemiam
283 2371 427 2438 scribens
444 2371 638 2460 quibusdam
665 2373 823 2460 personis,
845 2373 1036 2460 praesertim
1057 2370 1181 2437 doctori
1202 2369 1355 2456 Buriano,
1398 2358 1406 2369 ’

74 2475 249 2552 ancellmio
270 2464 428 2565 Pragensi
450 2476 578 2565 captivo
599 2476 780 2543 notificavit
801 2477 952 2566 sequenti
973 2475 1082 2542 modo:
1096 2552 1111 2572 ,
1226 2509 1231 2514 ·
1309 2535 1315 2575 ,

148 2581 264 2648 Gratia
286 2590 318 2647 et
338 2603 407 2670 pax
428 2582 463 2646 in
477 2579 609 2652 Christo
632 2579 692 2647 tibi
705 2581 757 2658 sit,
781 2582 836 2669 qui
858 2580 1017 2647 confortet
1038 2589 1070 2646 et
1091 2581 1259 2649 confirmet
1279 2575 1350 2649 ani'·
1395 2662 1399 2671 Ι
1448 2657 1453 2664 ,

74 2704 155 2751 mum
177 2674 269 2750 tuum
288 2685 323 2751 in
345 2695 401 2751 tua
422 2684 530 2752 cordis
552 2684 758 2772 aegritudine
779 2695 812 2751 et
822 2707 978 2770 moerore,
1001 2687 1046 2751 mi
1071 2683 1221 2753 Bariana.
1244 2687 1351 2755 Velox

74 2788 171 2855 abitus
203 2801 236 2854 et
268 2788 427 2858 adventus
450 2791 486 2855 in
508 2789 699 2855 Bohemiam
720 2789 818 2878 hujus
851 2792 956 2856 nuntii
987 2792 1140 2874 causavit,
1174 2791 1260 2879 quod
1290 2793 1349 2860 vix

74 2889 149 2957 bano
175 2892 329 2959 schedam
351 2892 538 2969 adscribere
555 2894 729 2980 potuerim.
754 2893 801 2959 01
825 2892 949 2960 Christi
960 2895 1198 2962 amantissimel
1223 2892 1353 2978 Quanta

74 3018 123 3083 ego
145 2997 187 3064 de
210 2996 305 3065 Gallo
328 2997 435 3085 audio,
466 2999 512 3064 ita
535 2997 621 3087 quod
643 3004 744 3063 totam
766 3006 910 3065 rosham
932 3000 1163 3072 confidentiam
1195 3011 1227 3068 et
1247 3004 1350 3068 inten-

74 3101 181 3169 tionem
204 3101 371 3189 deceperit
393 3111 424 3167 et
446 3101 614 3168 confusam
636 3102 756 3181 fecerit,
789 3101 864 3169 dum
888 3105 984 3189 enim,
1021 3107 1067 3172 ita
1098 3106 1251 3174 honestus
1283 3107 1353 3192 fuit,
1434 3092 1438 3099 ⁶

74 3208 158 3273 etiam
173 3230 232 3295 pro
245 3207 379 3274 honesto
395 3207 481 3295 apud
493 3230 545 3295 me
566 3208 696 3274 habitus
721 3209 798 3297 fuit3
813 3218 934 3299 quanta
954 3212 989 3276 vi
1009 3232 1063 3276 me
1083 3211 1126 3277 ad
1147 3210 1210 3277 hoc
1230 3212 1351 3298 adegit,

74 3322 181 3398 quanto
203 3313 331 3379 fervore
355 3312 597 3397 sollicitabatur,
620 3322 656 3378 ut
678 3313 807 3381 libellos
821 3337 911 3381 meos
931 3314 1079 3381 celeriter
1101 3317 1135 3381 in
1157 3314 1364 3392 Bohemiam'

74 3417 297 3482 transmittam!
328 3416 475 3483 Tandem
487 3439 697 3504 quaecunque
714 3427 788 3484 sunt
803 3418 1038 3499 admonitiones
1052 3421 1087 3484 in
1099 3419 1150 3484 his
1173 3418 1293 3485 libellis
1315 3421 1361 3485 in

77 3521 159 3587 certis
173 3521 255 3587 locis
268 3519 442 3605 exhibitae,
454 3521 496 3586 de
510 3521 659 3588 manibus
676 3523 746 3611 ejus
761 3522 877 3608 habui3
890 3521 946 3588 ille
961 3522 1178 3611 descripserat
1199 3545 1262 3605 res,
1274 3536 1354 3610 quas

77 3623 125 3691 tibi
153 3624 374 3691 ‘transmittere
395 3624 572 3708 volueram,
601 3625 666 3700 ,sed
683 3627 754 3714 jam
774 3627 923 3693 invenire
944 3648 1011 3709 non
1032 3628 1133 3714 potui.
1168 3626 1219 3692 Tu
1239 3636 1352 3709 tamen

79 3747 131 3792 non
151 3728 273 3812 dubita,
297 3751 370 3795 cum
387 3729 447 3795 ills
468 3751 535 3795 non
548 3729 653 3815 solum
664 3752 763 3824 causa
777 3731 829 3815 sit,
852 3729 954 3796 sedet
968 3730 1086 3797 imoad
1104 3731 1186 3798 haec
1199 3732 1346 3818 urgebat,

81 3832 152 3914 quod
172 3832 275 3898 libelli
297 3833 331 3897 hi
353 3854 373 3898 a
394 3855 446 3899 me
469 3834 638 3921 compositi
661 3835 741 3918 sint3
771 3835 818 3900 ita
841 3857 901 3922 ego
923 3834 1021 3900 miser
1043 3836 1198 3924 deceptus
1219 3838 1265 3902 fui
1286 3858 1346 3926 per

81 3937 132 4015 ejus
149 3935 381 4002 infidelitatem.
404 3937 447 4002 Et
469 3937 552 4002 nihil
573 3939 609 4003 in
630 3937 682 4030 his
704 3938 824 4006 libellis
846 3950 945 4006 meam
967 3948 1025 4018 est,
1059 3945 1344 4028 praetermodum,

83 4039 175 4127 dromo
207 4051 240 4108 et
272 4045 446 4130 temptarat
468 4041 661 4125 discursum,
694 4043 820 4128 reliqua
841 4047 950 4110 omnia
973 4043 1060 4113 Galli
1082 4053 1166 4114 sunt.
1200 4043 1358 4112 Christus

85 4153 172 4212 autem
192 4148 276 4227 vivit
298 4155 328 4213 et
350 4155 482 4233 regnat3
505 4147 569 4213 alio
592 4156 738 4235 tempore
759 4147 854 4235 plura
875 4149 915 4216 de
936 4150 988 4216 his
1003 4149 1153 4217 ¹scribam
1182 4158 1244 4217 etc.
1276 4150 1347 4216 Do-

84 4246 169 4316 1ninus
189 4251 288 4317 iesus
310 4252 353 4316 eit
373 4261 497 4335 tecum3
528 4251 645 4318 Amen.
666 4252 788 4318 Datum
819 4253 1077 4341 Wittsmbergae
1099 4256 1134 4320 in
1165 4252 1279 4340 vigilia
1295 4254 1350 4322 vsi·

86 4354 169 4420 monis
192 4364 224 4422 et
244 4355 364 4441 Judae,
387 4354 592 4420 anno-1524.

826 4460 987 4527 Martinus
1009 4462 1143 4530 Luther.

271 4559 394 4629 Christi
417 4563 546 4651 captivo
570 4570 602 4630 et
624 4585 718 4630 servo
740 4564 830 4630 fideli
851 4565 994 4631 Domino
1017 4554 1161 4636 Buriano
1183 4569 1225 4638 de
1248 4570 1349 4642 Skor-

90 4651 144 4722 nioz
164 4668 334 4736 secretario
358 4668 527 4755 Pragensi,
550 4691 622 4736 meo
643 4671 678 4736 in
700 4670 772 4735 Deo
796 4669 995 4740 charissimo.
