<?xml version="1.0" encoding="UTF-8"?>
<!DOCTYPE html PUBLIC "-//W3C//DTD XHTML 1.0 Transitional//EN"
    "http://www.w3.org/TR/xhtml1/DTD/xhtml1-transitional.dtd">
<html xmlns="http://www.w3.org/1999/xhtml" xml:lang="en" lang="en">
 <head>
  <title>
</title>
<meta http-equiv="Content-Type" content="text/html;charset=utf-8" />
  <meta name='ocr-system' content='tesseract 3.04.00' />
  <meta name='ocr-capabilities' content='ocr_page ocr_carea ocr_par ocr_line ocrx_word'/>
</head>
<body>
  <div class='ocr_page' id='page_1' title='image "./desbartholomaeu00hfgoog_0211.png"; bbox 0 0 2946 5086; ppageno 0'>
   <div class='ocr_carea' id='block_1_1' title="bbox 151 152 215 224">
    <p class='ocr_par' dir='ltr' id='par_1_1' title="bbox 151 152 215 224">
     <span class='ocr_line' id='line_1_1' title="bbox 151 152 215 224; baseline 0.031 -2"><span class='ocrx_word' id='word_1_1' title='bbox 151 152 215 224; x_wconf 80' lang='grc'><strong>238</strong></span> 
     </span>
    </p>
   </div>
   <div class='ocr_carea' id='block_1_2' title="bbox 150 326 1434 728">
    <p class='ocr_par' dir='ltr' id='par_1_2' title="bbox 150 326 1434 728">
     <span class='ocr_line' id='line_1_2' title="bbox 150 326 1429 419; baseline 0.006 -22"><span class='ocrx_word' id='word_1_2' title='bbox 150 348 334 417; x_wconf 90' lang='lat' dir='ltr'><strong>supremum</strong></span> <span class='ocrx_word' id='word_1_3' title='bbox 360 326 471 415; x_wconf 83' lang='lat' dir='ltr'><strong>regiae</strong></span> <span class='ocrx_word' id='word_1_4' title='bbox 492 346 640 393; x_wconf 77' lang='lat' dir='ltr'><strong>cameme</strong></span> <span class='ocrx_word' id='word_1_5' title='bbox 670 326 854 415; x_wconf 73' lang='lat' dir='ltr'><strong>praesidem</strong></span> <span class='ocrx_word' id='word_1_6' title='bbox 875 349 914 395; x_wconf 89' lang='lat' dir='ltr'><strong>ao</strong></span> <span class='ocrx_word' id='word_1_7' title='bbox 935 332 1111 418; x_wconf 84' lang='lat' dir='ltr'><strong>regentem,</strong></span> <span class='ocrx_word' id='word_1_8' title='bbox 1142 337 1335 419; x_wconf 89' lang='lat' dir='ltr'><strong>potestatem</strong></span> <span class='ocrx_word' id='word_1_9' title='bbox 1371 336 1429 405; x_wconf 87' lang='lat' dir='ltr'><strong>illis</strong></span> 
     </span>
     <span class='ocr_line' id='line_1_3' title="bbox 150 431 1431 523; baseline 0.009 -24"><span class='ocrx_word' id='word_1_10' title='bbox 150 432 304 513; x_wconf 87' lang='lat' dir='ltr'><strong>tribuens,</strong></span> <span class='ocrx_word' id='word_1_11' title='bbox 328 441 365 499; x_wconf 90' lang='lat' dir='ltr'><strong>ut</strong></span> <span class='ocrx_word' id='word_1_12' title='bbox 385 439 483 518; x_wconf 89' lang='lat' dir='ltr'><strong>agant</strong></span> <span class='ocrx_word' id='word_1_13' title='bbox 502 431 695 498; x_wconf 81' lang='lat' dir='ltr'><strong>mediatores</strong></span> <span class='ocrx_word' id='word_1_14' title='bbox 715 433 800 498; x_wconf 87' lang='lat' dir='ltr'><strong>inter</strong></span> <span class='ocrx_word' id='word_1_15' title='bbox 822 432 881 499; x_wconf 89' lang='lat' dir='ltr'><strong>has</strong></span> <span class='ocrx_word' id='word_1_16' title='bbox 902 433 1058 501; x_wconf 86' lang='lat' dir='ltr'><strong>adversas</strong></span> <span class='ocrx_word' id='word_1_17' title='bbox 1079 444 1200 523; x_wconf 86' lang='lat' dir='ltr'><strong>partes,</strong></span> <span class='ocrx_word' id='word_1_18' title='bbox 1222 448 1255 504; x_wconf 90' lang='lat' dir='ltr'><strong>et</strong></span> <span class='ocrx_word' id='word_1_19' title='bbox 1289 443 1431 510; x_wconf 87' lang='lat' dir='ltr'><strong>amicabi-</strong></span> 
     </span>
     <span class='ocr_line' id='line_1_4' title="bbox 150 533 1434 628; baseline 0.01 -26"><span class='ocrx_word' id='word_1_20' title='bbox 150 533 224 603; x_wconf 90' lang='lat' dir='ltr'><strong>liter</strong></span> <span class='ocrx_word' id='word_1_21' title='bbox 255 536 329 602; x_wconf 92' lang='lat' dir='ltr'><strong>illos</strong></span> <span class='ocrx_word' id='word_1_22' title='bbox 365 543 559 624; x_wconf 90' lang='lat' dir='ltr'><strong>componant</strong></span> <span class='ocrx_word' id='word_1_23' title='bbox 582 543 614 600; x_wconf 87' lang='lat' dir='ltr'><strong>et</strong></span> <span class='ocrx_word' id='word_1_24' title='bbox 636 545 846 623; x_wconf 82' lang='lat' dir='ltr'><strong>comportent,</strong></span> <span class='ocrx_word' id='word_1_25' title='bbox 880 545 912 603; x_wconf 90' lang='lat' dir='ltr'><strong>et</strong></span> <span class='ocrx_word' id='word_1_26' title='bbox 935 538 963 603; x_wconf 89' lang='lat' dir='ltr'><strong>si</strong></span> <span class='ocrx_word' id='word_1_27' title='bbox 984 560 1067 626; x_wconf 90' lang='lat' dir='ltr'><strong>quae</strong></span> <span class='ocrx_word' id='word_1_28' title='bbox 1103 541 1218 628; x_wconf 86' lang='lat' dir='ltr'><strong>gravia</strong></span> <span class='ocrx_word' id='word_1_29' title='bbox 1239 565 1279 611; x_wconf 88' lang='lat' dir='ltr'><strong>ac</strong></span> <span class='ocrx_word' id='word_1_30' title='bbox 1300 545 1434 614; x_wconf 85' lang='lat' dir='ltr'><strong>difficilia</strong></span> 
     </span>
     <span class='ocr_line' id='line_1_5' title="bbox 151 639 1125 728; baseline 0.001 -19"><span class='ocrx_word' id='word_1_31' title='bbox 151 642 235 709; x_wconf 87' lang='lat' dir='ltr'><strong>inter</strong></span> <span class='ocrx_word' id='word_1_32' title='bbox 256 641 328 710; x_wconf 91' lang='lat' dir='ltr'><strong>illos</strong></span> <span class='ocrx_word' id='word_1_33' title='bbox 349 649 565 727; x_wconf 86' lang='lat' dir='ltr'><strong>versarentur,</strong></span> <span class='ocrx_word' id='word_1_34' title='bbox 587 648 624 707; x_wconf 88' lang='lat' dir='ltr'><strong>ut</strong></span> <span class='ocrx_word' id='word_1_35' title='bbox 644 639 751 707; x_wconf 90' lang='lat' dir='ltr'><strong>denuo</strong></span> <span class='ocrx_word' id='word_1_36' title='bbox 773 640 816 707; x_wconf 85' lang='lat' dir='ltr'><strong>ad</strong></span> <span class='ocrx_word' id='word_1_37' title='bbox 837 662 948 728; x_wconf 83' lang='lat' dir='ltr'><strong>regem</strong></span> <span class='ocrx_word' id='word_1_38' title='bbox 969 641 1125 710; x_wconf 83' lang='lat' dir='ltr'><strong>deferant.</strong></span> 
     </span>
    </p>
   </div>
   <div class='ocr_carea' id='block_1_3' title="bbox 684 813 904 883">
    <p class='ocr_par' dir='ltr' id='par_1_3' title="bbox 684 813 904 883">
     <span class='ocr_line' id='line_1_6' title="bbox 684 813 904 883; baseline -0.009 -1"><span class='ocrx_word' id='word_1_39' title='bbox 684 813 830 883; x_wconf 78' lang='lat' dir='ltr'>OAPUT</span> <span class='ocrx_word' id='word_1_40' title='bbox 853 815 904 883; x_wconf 81' lang='lat'><strong>20.</strong></span> 
     </span>
    </p>
   </div>
   <div class='ocr_carea' id='block_1_4' title="bbox 147 990 1433 1511">
    <p class='ocr_par' dir='ltr' id='par_1_4' title="bbox 147 990 1433 1511">
     <span class='ocr_line' id='line_1_7' title="bbox 150 990 1431 1075; baseline -0.002 -16"><span class='ocrx_word' id='word_1_41' title='bbox 150 996 209 1059; x_wconf 87' lang='lat' dir='ltr'><strong>Ubi</strong></span> <span class='ocrx_word' id='word_1_42' title='bbox 238 996 423 1072; x_wconf 76' lang='lat' dir='ltr'><strong>describitur,</strong></span> <span class='ocrx_word' id='word_1_43' title='bbox 449 997 596 1075; x_wconf 88' lang='lat' dir='ltr'><strong>quomodo</strong></span> <span class='ocrx_word' id='word_1_44' title='bbox 629 1014 683 1055; x_wconf 84' lang='lat' dir='ltr'><strong>rex</strong></span> <span class='ocrx_word' id='word_1_45' title='bbox 705 994 906 1072; x_wconf 88' lang='lat' dir='ltr'><strong>Pragensibus</strong></span> <span class='ocrx_word' id='word_1_46' title='bbox 931 990 1134 1057; x_wconf 71' lang='lat' dir='ltr'><strong>&#39;amicabiliter</strong></span> <span class='ocrx_word' id='word_1_47' title='bbox 1155 995 1280 1071; x_wconf 87' lang='lat' dir='ltr'><strong>deierat,</strong></span> <span class='ocrx_word' id='word_1_48' title='bbox 1311 1006 1345 1057; x_wconf 91' lang='lat' dir='ltr'><strong>ut</strong></span> <span class='ocrx_word' id='word_1_49' title='bbox 1365 998 1431 1057; x_wconf 91' lang='lat' dir='ltr'><strong>ami·</strong></span> 
     </span>
     <span class='ocr_line' id='line_1_8' title="bbox 149 1081 1430 1157; baseline -0.001 -12"><span class='ocrx_word' id='word_1_50' title='bbox 149 1084 274 1145; x_wconf 81' lang='lat' dir='ltr'><strong>cubilem</strong></span> <span class='ocrx_word' id='word_1_51' title='bbox 296 1084 530 1145; x_wconf 76' lang='lat' dir='ltr'><strong>transactionem</strong></span> <span class='ocrx_word' id='word_1_52' title='bbox 551 1084 664 1157; x_wconf 88' lang='lat' dir='ltr'><strong>ineant,</strong></span> <span class='ocrx_word' id='word_1_53' title='bbox 686 1081 803 1141; x_wconf 86' lang='lat' dir='ltr'><strong>Passek</strong></span> <span class='ocrx_word' id='word_1_54' title='bbox 824 1100 896 1141; x_wconf 85' lang='lat' dir='ltr'><strong>vero</strong></span> <span class='ocrx_word' id='word_1_55' title='bbox 919 1099 985 1141; x_wconf 89' lang='lat' dir='ltr'><strong>cum</strong></span> <span class='ocrx_word' id='word_1_56' title='bbox 1006 1083 1069 1143; x_wconf 86' lang='lat' dir='ltr'><strong>suis</strong></span> <span class='ocrx_word' id='word_1_57' title='bbox 1105 1082 1336 1144; x_wconf 80' lang='lat' dir='ltr'><strong>adhaerentibus</strong></span> <span class='ocrx_word' id='word_1_58' title='bbox 1356 1103 1430 1144; x_wconf 90' lang='lat' dir='ltr'><strong>asu·</strong></span> 
     </span>
     <span class='ocr_line' id='line_1_9' title="bbox 149 1167 1433 1249; baseline 0.001 -19"><span class='ocrx_word' id='word_1_59' title='bbox 149 1171 252 1249; x_wconf 90' lang='lat' dir='ltr'><strong>perbia</strong></span> <span class='ocrx_word' id='word_1_60' title='bbox 273 1191 327 1232; x_wconf 91' lang='lat' dir='ltr'><strong>sua</strong></span> <span class='ocrx_word' id='word_1_61' title='bbox 347 1173 483 1231; x_wconf 86' lang='lat' dir='ltr'><strong>recedere</strong></span> <span class='ocrx_word' id='word_1_62' title='bbox 511 1190 570 1230; x_wconf 92' lang='lat' dir='ltr'><strong>non</strong></span> <span class='ocrx_word' id='word_1_63' title='bbox 591 1169 666 1243; x_wconf 90' lang='lat' dir='ltr'><strong>vult,</strong></span> <span class='ocrx_word' id='word_1_64' title='bbox 699 1168 789 1228; x_wconf 88' lang='lat' dir='ltr'><strong>etiam</strong></span> <span class='ocrx_word' id='word_1_65' title='bbox 811 1169 898 1243; x_wconf 86' lang='lat' dir='ltr'><strong>quale</strong></span> <span class='ocrx_word' id='word_1_66' title='bbox 921 1188 1097 1248; x_wconf 90' lang='lat' dir='ltr'><strong>responsum</strong></span> <span class='ocrx_word' id='word_1_67' title='bbox 1120 1167 1193 1248; x_wconf 87' lang='lat' dir='ltr'><strong>regi.</strong></span> <span class='ocrx_word' id='word_1_68' title='bbox 1209 1171 1351 1247; x_wconf 80' lang='lat' dir='ltr'><strong>dederit3</strong></span> <span class='ocrx_word' id='word_1_69' title='bbox 1373 1192 1433 1231; x_wconf 86' lang='lat' dir='ltr'><strong>exu-</strong></span> 
     </span>
     <span class='ocr_line' id='line_1_10' title="bbox 150 1256 1433 1337; baseline 0.001 -20"><span class='ocrx_word' id='word_1_70' title='bbox 150 1259 195 1317; x_wconf 88' lang='lat' dir='ltr'><strong>les</strong></span> <span class='ocrx_word' id='word_1_71' title='bbox 215 1259 328 1337; x_wconf 91' lang='lat' dir='ltr'><strong>pariter</strong></span> <span class='ocrx_word' id='word_1_72' title='bbox 349 1258 475 1319; x_wconf 87' lang='lat' dir='ltr'><strong>admissi</strong></span> <span class='ocrx_word' id='word_1_73' title='bbox 497 1257 697 1318; x_wconf 85' lang='lat' dir='ltr'><strong>innocentiam</strong></span> <span class='ocrx_word' id='word_1_74' title='bbox 719 1275 803 1316; x_wconf 89' lang='lat' dir='ltr'><strong>suam</strong></span> <span class='ocrx_word' id='word_1_75' title='bbox 826 1256 990 1332; x_wconf 89' lang='lat' dir='ltr'><strong>insinuant,</strong></span> <span class='ocrx_word' id='word_1_76' title='bbox 1012 1266 1144 1317; x_wconf 89' lang='lat' dir='ltr'><strong>attamen</strong></span> <span class='ocrx_word' id='word_1_77' title='bbox 1168 1259 1266 1318; x_wconf 90' lang='lat' dir='ltr'><strong>denuo</strong></span> <span class='ocrx_word' id='word_1_78' title='bbox 1285 1259 1433 1318; x_wconf 87' lang='lat' dir='ltr'><strong>reiniecta</strong></span> 
     </span>
     <span class='ocr_line' id='line_1_11' title="bbox 148 1338 1433 1417; baseline 0 -13"><span class='ocrx_word' id='word_1_79' title='bbox 148 1341 349 1417; x_wconf 76' lang='lat' dir='ltr'><strong>discesserunt</strong></span> <span class='ocrx_word' id='word_1_80' title='bbox 385 1353 440 1409; x_wconf 89' lang='lat' dir='ltr'><strong>etc.</strong></span> <span class='ocrx_word' id='word_1_81' title='bbox 499 1345 634 1404; x_wconf 84' lang='lat' dir='ltr'><strong>Tandem</strong></span> <span class='ocrx_word' id='word_1_82' title='bbox 656 1350 747 1403; x_wconf 89' lang='lat' dir='ltr'><strong>testes</strong></span> <span class='ocrx_word' id='word_1_83' title='bbox 770 1338 855 1403; x_wconf 87' lang='lat' dir='ltr'><strong>citati</strong></span> <span class='ocrx_word' id='word_1_84' title='bbox 887 1345 924 1404; x_wconf 90' lang='lat' dir='ltr'><strong>ab</strong></span> <span class='ocrx_word' id='word_1_85' title='bbox 960 1344 1098 1404; x_wconf 83' lang='lat' dir='ltr'><strong>exulibus</strong></span> <span class='ocrx_word' id='word_1_86' title='bbox 1132 1340 1340 1406; x_wconf 90' lang='lat' dir='ltr'><strong>testimonium</strong></span> <span class='ocrx_word' id='word_1_87' title='bbox 1371 1347 1433 1405; x_wconf 89' lang='lat' dir='ltr'><strong>dare</strong></span> 
     </span>
     <span class='ocr_line' id='line_1_12' title="bbox 147 1426 1432 1511; baseline 0 -20"><span class='ocrx_word' id='word_1_88' title='bbox 147 1434 310 1494; x_wconf 87' lang='lat' dir='ltr'><strong>debuerunt</strong></span> <span class='ocrx_word' id='word_1_89' title='bbox 345 1441 450 1493; x_wconf 87' lang='lat' dir='ltr'><strong>contra</strong></span> <span class='ocrx_word' id='word_1_90' title='bbox 469 1431 648 1511; x_wconf 85' lang='lat' dir='ltr'><strong>Pragenses‚</strong></span> <span class='ocrx_word' id='word_1_91' title='bbox 684 1429 800 1489; x_wconf 86' lang='lat' dir='ltr'><strong>Passek</strong></span> <span class='ocrx_word' id='word_1_92' title='bbox 835 1449 906 1490; x_wconf 88' lang='lat' dir='ltr'><strong>vero</strong></span> <span class='ocrx_word' id='word_1_93' title='bbox 934 1430 1096 1510; x_wconf 87' lang='lat' dir='ltr'><strong>diligenter</strong></span> <span class='ocrx_word' id='word_1_94' title='bbox 1133 1426 1365 1508; x_wconf 89' lang='lat' dir='ltr'><strong>sbllicitabatur,</strong></span> <span class='ocrx_word' id='word_1_95' title='bbox 1400 1452 1432 1491; x_wconf 91' lang='lat' dir='ltr'><strong>ne</strong></span> 
     </span>
    </p>
   </div>
   <div class='ocr_carea' id='block_1_5' title="bbox 126 1516 1428 4761">
    <p class='ocr_par' dir='ltr' id='par_1_5' title="bbox 154 1516 945 1605">
     <span class='ocr_line' id='line_1_13' title="bbox 154 1516 945 1605; baseline 0.003 -28"><span class='ocrx_word' id='word_1_96' title='bbox 154 1594 157 1605; x_wconf 37' lang='grc' dir='ltr'>Ι</span> <span class='ocrx_word' id='word_1_97' title='bbox 643 1518 713 1576; x_wconf 91' lang='lat' dir='ltr'><strong>dent</strong></span> <span class='ocrx_word' id='word_1_98' title='bbox 735 1516 945 1579; x_wconf 87' lang='lat' dir='ltr'><strong>testimonium.</strong></span> 
     </span>
    </p>

    <p class='ocr_par' dir='ltr' id='par_1_6' title="bbox 142 1614 1428 3085">
     <span class='ocr_line' id='line_1_14' title="bbox 154 1614 1428 1726; baseline -0.002 -23"><span class='ocrx_word' id='word_1_99' title='bbox 154 1614 164 1695; x_wconf 40' lang='lat'><strong>¹.</strong></span> <span class='ocrx_word' id='word_1_100' title='bbox 231 1638 334 1726; x_wconf 86' lang='lat' dir='ltr'><strong>Igitur</strong></span> <span class='ocrx_word' id='word_1_101' title='bbox 355 1637 409 1705; x_wconf 92' lang='lat' dir='ltr'><strong>die</strong></span> <span class='ocrx_word' id='word_1_102' title='bbox 430 1637 583 1703; x_wconf 88' lang='lat' dir='ltr'><strong>Mercurii</strong></span> <span class='ocrx_word' id='word_1_103' title='bbox 603 1637 698 1702; x_wconf 91' lang='lat' dir='ltr'><strong>tertia</strong></span> <span class='ocrx_word' id='word_1_104' title='bbox 720 1633 773 1701; x_wconf 90' lang='lat' dir='ltr'><strong>die</strong></span> <span class='ocrx_word' id='word_1_105' title='bbox 795 1644 868 1723; x_wconf 90' lang='lat' dir='ltr'><strong>post</strong></span> <span class='ocrx_word' id='word_1_106' title='bbox 890 1635 1008 1701; x_wconf 87' lang='lat' dir='ltr'><strong>festum</strong></span> <span class='ocrx_word' id='word_1_107' title='bbox 1029 1633 1141 1700; x_wconf 83' lang='lat' dir='ltr'><strong>Sancti</strong></span> <span class='ocrx_word' id='word_1_108' title='bbox 1165 1633 1340 1701; x_wconf 89' lang='lat' dir='ltr'><strong>Laurentii</strong></span> <span class='ocrx_word' id='word_1_109' title='bbox 1354 1643 1428 1700; x_wconf 89' lang='lat' dir='ltr'><strong>utra·</strong></span> 
     </span>
     <span class='ocr_line' id='line_1_15' title="bbox 146 1737 1427 1832; baseline -0.005 -23"><span class='ocrx_word' id='word_1_110' title='bbox 146 1765 208 1832; x_wconf 91' lang='lat' dir='ltr'><strong>que</strong></span> <span class='ocrx_word' id='word_1_111' title='bbox 229 1765 305 1831; x_wconf 90' lang='lat' dir='ltr'><strong>pars</strong></span> <span class='ocrx_word' id='word_1_112' title='bbox 328 1744 507 1832; x_wconf 89' lang='lat' dir='ltr'><strong>comparuit</strong></span> <span class='ocrx_word' id='word_1_113' title='bbox 527 1763 636 1809; x_wconf 88' lang='lat' dir='ltr'><strong>eoram</strong></span> <span class='ocrx_word' id='word_1_114' title='bbox 657 1739 722 1806; x_wconf 91' lang='lat' dir='ltr'><strong>illis</strong></span> <span class='ocrx_word' id='word_1_115' title='bbox 741 1739 784 1806; x_wconf 89' lang='lat' dir='ltr'><strong>ad</strong></span> <span class='ocrx_word' id='word_1_116' title='bbox 805 1739 1001 1806; x_wconf 89' lang='lat' dir='ltr'><strong>audiendum</strong></span> <span class='ocrx_word' id='word_1_117' title='bbox 1024 1737 1205 1805; x_wconf 88' lang='lat' dir='ltr'><strong>constitutis</strong></span> <span class='ocrx_word' id='word_1_118' title='bbox 1243 1739 1427 1826; x_wconf 87' lang='lat' dir='ltr'><strong>proceribus</strong></span> 
     </span>
     <span class='ocr_line' id='line_1_16' title="bbox 145 1842 1428 1935; baseline -0.005 -21"><span class='ocrx_word' id='word_1_119' title='bbox 145 1871 188 1914; x_wconf 89' lang='lat' dir='ltr'><strong>ex</strong></span> <span class='ocrx_word' id='word_1_120' title='bbox 208 1848 359 1915; x_wconf 89' lang='lat' dir='ltr'><strong>mandato</strong></span> <span class='ocrx_word' id='word_1_121' title='bbox 380 1849 484 1935; x_wconf 91' lang='lat' dir='ltr'><strong>regis,</strong></span> <span class='ocrx_word' id='word_1_122' title='bbox 514 1847 571 1914; x_wconf 90' lang='lat' dir='ltr'><strong>ubi</strong></span> <span class='ocrx_word' id='word_1_123' title='bbox 600 1845 813 1913; x_wconf 88' lang='lat' dir='ltr'><strong>commissarii</strong></span> <span class='ocrx_word' id='word_1_124' title='bbox 841 1843 889 1910; x_wconf 88' lang='lat' dir='ltr'><strong>illi</strong></span> <span class='ocrx_word' id='word_1_125' title='bbox 911 1844 1110 1911; x_wconf 89' lang='lat' dir='ltr'><strong>denominati</strong></span> <span class='ocrx_word' id='word_1_126' title='bbox 1131 1842 1318 1928; x_wconf 88' lang='lat' dir='ltr'><strong>Pragenses</strong></span> <span class='ocrx_word' id='word_1_127' title='bbox 1340 1843 1380 1909; x_wconf 93' lang='lat' dir='ltr'><strong>ad</strong></span> <span class='ocrx_word' id='word_1_128' title='bbox 1400 1865 1428 1908; x_wconf 93' lang='lat' dir='ltr'><strong>se</strong></span> 
     </span>
     <span class='ocr_line' id='line_1_17' title="bbox 145 1946 1427 2035; baseline -0.004 -18"><span class='ocrx_word' id='word_1_129' title='bbox 145 1953 280 2019; x_wconf 90' lang='lat' dir='ltr'><strong>seorsim</strong></span> <span class='ocrx_word' id='word_1_130' title='bbox 301 1952 476 2020; x_wconf 82' lang='lat' dir='ltr'><strong>advocatos</strong></span> <span class='ocrx_word' id='word_1_131' title='bbox 498 1951 629 2019; x_wconf 88' lang='lat' dir='ltr'><strong>allocuti</strong></span> <span class='ocrx_word' id='word_1_132' title='bbox 650 1950 789 2034; x_wconf 88' lang='lat' dir='ltr'><strong>fuerunt,</strong></span> <span class='ocrx_word' id='word_1_133' title='bbox 814 1957 846 2015; x_wconf 89' lang='lat' dir='ltr'><strong>et</strong></span> <span class='ocrx_word' id='word_1_134' title='bbox 868 1947 1064 2016; x_wconf 88' lang='lat' dir='ltr'><strong>voluntatem</strong></span> <span class='ocrx_word' id='word_1_135' title='bbox 1094 1947 1181 2034; x_wconf 90' lang='lat' dir='ltr'><strong>regis</strong></span> <span class='ocrx_word' id='word_1_136' title='bbox 1206 1946 1253 2011; x_wconf 89' lang='lat' dir='ltr'><strong>eis</strong></span> <span class='ocrx_word' id='word_1_137' title='bbox 1277 1969 1427 2035; x_wconf 90' lang='lat' dir='ltr'><strong>exposue-</strong></span> 
     </span>
     <span class='ocr_line' id='line_1_18' title="bbox 146 2051 1422 2143; baseline -0.008 -20"><span class='ocrx_word' id='word_1_138' title='bbox 146 2065 230 2141; x_wconf 86' lang='lat' dir='ltr'><strong>runt,</strong></span> <span class='ocrx_word' id='word_1_139' title='bbox 265 2058 349 2123; x_wconf 90' lang='lat' dir='ltr'><strong>inter</strong></span> <span class='ocrx_word' id='word_1_140' title='bbox 371 2058 436 2123; x_wconf 89' lang='lat' dir='ltr'><strong>alia</strong></span> <span class='ocrx_word' id='word_1_141' title='bbox 457 2056 508 2122; x_wconf 92' lang='lat' dir='ltr'><strong>his</strong></span> <span class='ocrx_word' id='word_1_142' title='bbox 540 2056 660 2140; x_wconf 84' lang='lat' dir='ltr'><strong>verbis,</strong></span> <span class='ocrx_word' id='word_1_143' title='bbox 684 2052 771 2143; x_wconf 91' lang='lat' dir='ltr'><strong>quod</strong></span> <span class='ocrx_word' id='word_1_144' title='bbox 794 2054 824 2119; x_wconf 90' lang='lat' dir='ltr'><strong>ei</strong></span> <span class='ocrx_word' id='word_1_145' title='bbox 845 2052 941 2120; x_wconf 88' lang='lat' dir='ltr'><strong>valde</strong></span> <span class='ocrx_word' id='word_1_146' title='bbox 965 2060 1092 2139; x_wconf 90' lang='lat' dir='ltr'><strong>gratum</strong></span> <span class='ocrx_word' id='word_1_147' title='bbox 1114 2059 1146 2116; x_wconf 88' lang='lat' dir='ltr'><strong>et</strong></span> <span class='ocrx_word' id='word_1_148' title='bbox 1167 2058 1340 2137; x_wconf 88' lang='lat' dir='ltr'><strong>acceptum</strong></span> <span class='ocrx_word' id='word_1_149' title='bbox 1363 2051 1422 2133; x_wconf 89' lang='lat' dir='ltr'><strong>erit,</strong></span> 
     </span>
     <span class='ocr_line' id='line_1_19' title="bbox 145 2158 1419 2244; baseline -0.005 -18"><span class='ocrx_word' id='word_1_150' title='bbox 145 2162 173 2226; x_wconf 89' lang='lat' dir='ltr'><strong>si</strong></span> <span class='ocrx_word' id='word_1_151' title='bbox 210 2159 290 2227; x_wconf 89' lang='lat' dir='ltr'><strong>tales</strong></span> <span class='ocrx_word' id='word_1_152' title='bbox 324 2161 355 2226; x_wconf 91' lang='lat' dir='ltr'><strong>ei</strong></span> <span class='ocrx_word' id='word_1_153' title='bbox 386 2159 550 2226; x_wconf 82' lang='lat' dir='ltr'><strong>molestias</strong></span> <span class='ocrx_word' id='word_1_154' title='bbox 581 2161 802 2227; x_wconf 89' lang='lat' dir='ltr'><strong>imminuerint</strong></span> <span class='ocrx_word' id='word_1_155' title='bbox 831 2169 864 2226; x_wconf 92' lang='lat' dir='ltr'><strong>et</strong></span> <span class='ocrx_word' id='word_1_156' title='bbox 885 2159 1098 2226; x_wconf 86' lang='lat' dir='ltr'><strong>amicabiliter</strong></span> <span class='ocrx_word' id='word_1_157' title='bbox 1130 2159 1369 2244; x_wconf 71' lang='lat' dir='ltr'><strong>transegerint,</strong></span> <span class='ocrx_word' id='word_1_158' title='bbox 1397 2158 1419 2223; x_wconf 92' lang='lat' dir='ltr'><strong>si</strong></span> 
     </span>
     <span class='ocr_line' id='line_1_20' title="bbox 145 2259 1422 2354; baseline -0.005 -23"><span class='ocrx_word' id='word_1_159' title='bbox 145 2286 220 2353; x_wconf 71' lang='lat' dir='ltr'><strong>tero</strong></span> <span class='ocrx_word' id='word_1_160' title='bbox 242 2265 323 2331; x_wconf 91' lang='lat' dir='ltr'><strong>haec</strong></span> <span class='ocrx_word' id='word_1_161' title='bbox 344 2263 479 2330; x_wconf 90' lang='lat' dir='ltr'><strong>dissidia</strong></span> <span class='ocrx_word' id='word_1_162' title='bbox 499 2287 558 2353; x_wconf 91' lang='lat' dir='ltr'><strong>per</strong></span> <span class='ocrx_word' id='word_1_163' title='bbox 579 2267 646 2332; x_wconf 90' lang='lat' dir='ltr'><strong>vim</strong></span> <span class='ocrx_word' id='word_1_164' title='bbox 668 2264 710 2331; x_wconf 88' lang='lat' dir='ltr'><strong>ad</strong></span> <span class='ocrx_word' id='word_1_165' title='bbox 731 2266 817 2353; x_wconf 88' lang='lat' dir='ltr'><strong>regis</strong></span> <span class='ocrx_word' id='word_1_166' title='bbox 835 2264 996 2354; x_wconf 89' lang='lat' dir='ltr'><strong>judicium</strong></span> <span class='ocrx_word' id='word_1_167' title='bbox 1017 2264 1135 2331; x_wconf 84' lang='lat' dir='ltr'><strong>deferri</strong></span> <span class='ocrx_word' id='word_1_168' title='bbox 1158 2259 1331 2347; x_wconf 84' lang='lat' dir='ltr'><strong>voluerint,</strong></span> <span class='ocrx_word' id='word_1_169' title='bbox 1348 2259 1422 2350; x_wconf 88' lang='lat' dir='ltr'><strong>quod</strong></span> 
     </span>
     <span class='ocr_line' id='line_1_21' title="bbox 142 2365 1423 2459; baseline -0.005 -23"><span class='ocrx_word' id='word_1_170' title='bbox 142 2392 205 2436; x_wconf 87' lang='lat' dir='ltr'><strong>rex</strong></span> <span class='ocrx_word' id='word_1_171' title='bbox 225 2369 371 2436; x_wconf 90' lang='lat' dir='ltr'><strong>intendat</strong></span> <span class='ocrx_word' id='word_1_172' title='bbox 392 2370 443 2436; x_wconf 92' lang='lat' dir='ltr'><strong>his</strong></span> <span class='ocrx_word' id='word_1_173' title='bbox 465 2369 604 2437; x_wconf 88' lang='lat' dir='ltr'><strong>finaliter</strong></span> <span class='ocrx_word' id='word_1_174' title='bbox 625 2368 808 2459; x_wconf 86' lang='lat' dir='ltr'><strong>providere,</strong></span> <span class='ocrx_word' id='word_1_175' title='bbox 830 2379 867 2435; x_wconf 91' lang='lat' dir='ltr'><strong>ut</strong></span> <span class='ocrx_word' id='word_1_176' title='bbox 886 2370 1038 2436; x_wconf 88' lang='lat' dir='ltr'><strong>honestas</strong></span> <span class='ocrx_word' id='word_1_177' title='bbox 1060 2369 1189 2458; x_wconf 87' lang='lat' dir='ltr'><strong>utrique</strong></span> <span class='ocrx_word' id='word_1_178' title='bbox 1211 2365 1297 2454; x_wconf 90' lang='lat' dir='ltr'><strong>parti</strong></span> <span class='ocrx_word' id='word_1_179' title='bbox 1331 2372 1363 2431; x_wconf 90' lang='lat' dir='ltr'><strong>et</strong></span> <span class='ocrx_word' id='word_1_180' title='bbox 1384 2386 1423 2430; x_wconf 92' lang='lat' dir='ltr'><strong>se·</strong></span> 
     </span>
     <span class='ocr_line' id='line_1_22' title="bbox 143 2472 1421 2564; baseline -0.004 -23"><span class='ocrx_word' id='word_1_181' title='bbox 143 2474 262 2541; x_wconf 86' lang='lat' dir='ltr'><strong>auritas</strong></span> <span class='ocrx_word' id='word_1_182' title='bbox 284 2497 342 2564; x_wconf 91' lang='lat' dir='ltr'><strong>pro</strong></span> <span class='ocrx_word' id='word_1_183' title='bbox 365 2475 480 2541; x_wconf 82' lang='lat' dir='ltr'><strong>futuris</strong></span> <span class='ocrx_word' id='word_1_184' title='bbox 503 2473 702 2563; x_wconf 90' lang='lat' dir='ltr'><strong>temporibus</strong></span> <span class='ocrx_word' id='word_1_185' title='bbox 724 2472 904 2539; x_wconf 90' lang='lat' dir='ltr'><strong>interillos</strong></span> <span class='ocrx_word' id='word_1_186' title='bbox 926 2480 1124 2563; x_wconf 90' lang='lat' dir='ltr'><strong>permaneat,</strong></span> <span class='ocrx_word' id='word_1_187' title='bbox 1147 2481 1246 2559; x_wconf 89' lang='lat' dir='ltr'><strong>atque</strong></span> <span class='ocrx_word' id='word_1_188' title='bbox 1270 2495 1308 2540; x_wconf 88' lang='lat' dir='ltr'><strong>eo</strong></span> <span class='ocrx_word' id='word_1_189' title='bbox 1331 2472 1421 2538; x_wconf 90' lang='lat' dir='ltr'><strong>dedu-</strong></span> 
     </span>
     <span class='ocr_line' id='line_1_23' title="bbox 143 2575 1421 2667; baseline -0.002 -23"><span class='ocrx_word' id='word_1_190' title='bbox 143 2600 217 2645; x_wconf 88' lang='lat' dir='ltr'><strong>cere</strong></span> <span class='ocrx_word' id='word_1_191' title='bbox 238 2579 326 2665; x_wconf 88' lang='lat' dir='ltr'><strong>velit,</strong></span> <span class='ocrx_word' id='word_1_192' title='bbox 360 2581 405 2645; x_wconf 90' lang='lat' dir='ltr'><strong>ita</strong></span> <span class='ocrx_word' id='word_1_193' title='bbox 425 2588 462 2645; x_wconf 92' lang='lat' dir='ltr'><strong>ut</strong></span> <span class='ocrx_word' id='word_1_194' title='bbox 482 2601 547 2645; x_wconf 90' lang='lat' dir='ltr'><strong>una</strong></span> <span class='ocrx_word' id='word_1_195' title='bbox 568 2600 644 2667; x_wconf 88' lang='lat' dir='ltr'><strong>pars</strong></span> <span class='ocrx_word' id='word_1_196' title='bbox 666 2585 779 2643; x_wconf 87' lang='lat' dir='ltr'><strong>contra</strong></span> <span class='ocrx_word' id='word_1_197' title='bbox 800 2576 935 2642; x_wconf 89' lang='lat' dir='ltr'><strong>alteram</strong></span> <span class='ocrx_word' id='word_1_198' title='bbox 959 2600 993 2643; x_wconf 92' lang='lat' dir='ltr'><strong>se</strong></span> <span class='ocrx_word' id='word_1_199' title='bbox 1024 2600 1090 2643; x_wconf 91' lang='lat' dir='ltr'><strong>non</strong></span> <span class='ocrx_word' id='word_1_200' title='bbox 1111 2575 1266 2644; x_wconf 84' lang='lat' dir='ltr'><strong>vindicet</strong></span> <span class='ocrx_word' id='word_1_201' title='bbox 1311 2577 1421 2644; x_wconf 88' lang='lat' dir='ltr'><strong>Ultimo</strong></span> 
     </span>
     <span class='ocr_line' id='line_1_24' title="bbox 142 2680 1419 2772; baseline -0.004 -23"><span class='ocrx_word' id='word_1_202' title='bbox 142 2680 272 2749; x_wconf 89' lang='lat' dir='ltr'><strong>tandem</strong></span> <span class='ocrx_word' id='word_1_203' title='bbox 305 2682 392 2771; x_wconf 91' lang='lat' dir='ltr'><strong>quod</strong></span> <span class='ocrx_word' id='word_1_204' title='bbox 413 2706 473 2749; x_wconf 86' lang='lat' dir='ltr'><strong>rex</strong></span> <span class='ocrx_word' id='word_1_205' title='bbox 502 2684 599 2772; x_wconf 87' lang='lat' dir='ltr'><strong>juxta</strong></span> <span class='ocrx_word' id='word_1_206' title='bbox 629 2680 771 2747; x_wconf 85' lang='lat' dir='ltr'><strong>debitam</strong></span> <span class='ocrx_word' id='word_1_207' title='bbox 795 2681 1026 2769; x_wconf 85' lang='lat' dir='ltr'><strong>obligationem</strong></span> <span class='ocrx_word' id='word_1_208' title='bbox 1048 2704 1140 2748; x_wconf 89' lang='lat' dir='ltr'><strong>suam</strong></span> <span class='ocrx_word' id='word_1_209' title='bbox 1170 2683 1296 2768; x_wconf 88' lang='lat' dir='ltr'><strong>regiam</strong></span> <span class='ocrx_word' id='word_1_210' title='bbox 1330 2682 1419 2747; x_wconf 91' lang='lat' dir='ltr'><strong>literis</strong></span> 
     </span>
     <span class='ocr_line' id='line_1_25' title="bbox 142 2786 1423 2876; baseline -0.004 -23"><span class='ocrx_word' id='word_1_211' title='bbox 142 2788 228 2874; x_wconf 85' lang='lat' dir='ltr'><strong>regis</strong></span> <span class='ocrx_word' id='word_1_212' title='bbox 258 2787 417 2853; x_wconf 89' lang='lat' dir='ltr'><strong>Ludovioi</strong></span> <span class='ocrx_word' id='word_1_213' title='bbox 450 2786 555 2852; x_wconf 89' lang='lat' dir='ltr'><strong>affinis</strong></span> <span class='ocrx_word' id='word_1_214' title='bbox 590 2787 640 2852; x_wconf 92' lang='lat' dir='ltr'><strong>sui</strong></span> <span class='ocrx_word' id='word_1_215' title='bbox 663 2808 773 2852; x_wconf 90' lang='lat' dir='ltr'><strong>sacrae</strong></span> <span class='ocrx_word' id='word_1_216' title='bbox 796 2789 980 2872; x_wconf 88' lang='lat' dir='ltr'><strong>memoriae,</strong></span> <span class='ocrx_word' id='word_1_217' title='bbox 1009 2809 1144 2876; x_wconf 88' lang='lat' dir='ltr'><strong>quarum</strong></span> <span class='ocrx_word' id='word_1_218' title='bbox 1166 2787 1275 2853; x_wconf 85' lang='lat' dir='ltr'><strong>varias</strong></span> <span class='ocrx_word' id='word_1_219' title='bbox 1304 2795 1423 2875; x_wconf 90' lang='lat' dir='ltr'><strong>prepter</strong></span> 
     </span>
     <span class='ocr_line' id='line_1_26' title="bbox 143 2889 1422 2980; baseline -0.002 -23"><span class='ocrx_word' id='word_1_220' title='bbox 143 2889 214 2957; x_wconf 90' lang='lat' dir='ltr'><strong>illas</strong></span> <span class='ocrx_word' id='word_1_221' title='bbox 237 2890 452 2958; x_wconf 91' lang='lat' dir='ltr'><strong>dissensiones</strong></span> <span class='ocrx_word' id='word_1_222' title='bbox 485 2893 520 2956; x_wconf 93' lang='lat' dir='ltr'><strong>in</strong></span> <span class='ocrx_word' id='word_1_223' title='bbox 540 2891 731 2958; x_wconf 87' lang='lat' dir='ltr'><strong>Bohemiam</strong></span> <span class='ocrx_word' id='word_1_224' title='bbox 762 2892 911 2976; x_wconf 90' lang='lat' dir='ltr'><strong>miserat,</strong></span> <span class='ocrx_word' id='word_1_225' title='bbox 944 2891 1117 2980; x_wconf 89' lang='lat' dir='ltr'><strong>providere</strong></span> <span class='ocrx_word' id='word_1_226' title='bbox 1146 2891 1251 2977; x_wconf 89' lang='lat' dir='ltr'><strong>velit,</strong></span> <span class='ocrx_word' id='word_1_227' title='bbox 1285 2901 1323 2959; x_wconf 90' lang='lat' dir='ltr'><strong>ut</strong></span> <span class='ocrx_word' id='word_1_228' title='bbox 1355 2892 1422 2958; x_wconf 91' lang='lat' dir='ltr'><strong>haec</strong></span> 
     </span>
     <span class='ocr_line' id='line_1_27' title="bbox 144 2995 1134 3085; baseline 0.001 -23"><span class='ocrx_word' id='word_1_229' title='bbox 144 2997 252 3062; x_wconf 88' lang='lat' dir='ltr'><strong>omnia</strong></span> <span class='ocrx_word' id='word_1_230' title='bbox 274 2997 344 3062; x_wconf 91' lang='lat' dir='ltr'><strong>sine</strong></span> <span class='ocrx_word' id='word_1_231' title='bbox 366 2995 566 3085; x_wconf 90' lang='lat' dir='ltr'><strong>praejudicio</strong></span> <span class='ocrx_word' id='word_1_232' title='bbox 588 2995 716 3062; x_wconf 88' lang='lat' dir='ltr'><strong>illarum</strong></span> <span class='ocrx_word' id='word_1_233' title='bbox 738 2995 818 3062; x_wconf 87' lang='lat' dir='ltr'><strong>fiant</strong></span> <span class='ocrx_word' id='word_1_234' title='bbox 840 3004 872 3062; x_wconf 92' lang='lat' dir='ltr'><strong>et</strong></span> <span class='ocrx_word' id='word_1_235' title='bbox 894 3005 1134 3085; x_wconf 88' lang='lat' dir='ltr'><strong>componantur.</strong></span> 
     </span>
    </p>

    <p class='ocr_par' dir='ltr' id='par_1_7' title="bbox 137 3099 1421 4459">
     <span class='ocr_line' id='line_1_28' title="bbox 228 3099 1420 3190; baseline -0.002 -24"><span class='ocrx_word' id='word_1_236' title='bbox 228 3101 408 3188; x_wconf 90' lang='lat' dir='ltr'><strong>Pragenses</strong></span> <span class='ocrx_word' id='word_1_237' title='bbox 430 3122 507 3168; x_wconf 87' lang='lat' dir='ltr'><strong>vero</strong></span> <span class='ocrx_word' id='word_1_238' title='bbox 526 3103 595 3190; x_wconf 90' lang='lat' dir='ltr'><strong>jam</strong></span> <span class='ocrx_word' id='word_1_239' title='bbox 617 3101 652 3167; x_wconf 95' lang='lat' dir='ltr'><strong>in</strong></span> <span class='ocrx_word' id='word_1_240' title='bbox 675 3121 825 3189; x_wconf 91' lang='lat' dir='ltr'><strong>supremo</strong></span> <span class='ocrx_word' id='word_1_241' title='bbox 848 3099 952 3186; x_wconf 90' lang='lat' dir='ltr'><strong>gradu</strong></span> <span class='ocrx_word' id='word_1_242' title='bbox 975 3099 1145 3190; x_wconf 88' lang='lat' dir='ltr'><strong>superbiae</strong></span> <span class='ocrx_word' id='word_1_243' title='bbox 1180 3103 1358 3186; x_wconf 89' lang='lat' dir='ltr'><strong>constituti,</strong></span> <span class='ocrx_word' id='word_1_244' title='bbox 1380 3122 1420 3165; x_wconf 92' lang='lat' dir='ltr'><strong>su·</strong></span> 
     </span>
     <span class='ocr_line' id='line_1_29' title="bbox 141 3205 1421 3296; baseline 0.005 -25"><span class='ocrx_word' id='word_1_245' title='bbox 141 3226 201 3296; x_wconf 91' lang='lat' dir='ltr'><strong>per</strong></span> <span class='ocrx_word' id='word_1_246' title='bbox 221 3227 332 3274; x_wconf 89' lang='lat' dir='ltr'><strong>omnes</strong></span> <span class='ocrx_word' id='word_1_247' title='bbox 368 3205 448 3271; x_wconf 92' lang='lat' dir='ltr'><strong>alios</strong></span> <span class='ocrx_word' id='word_1_248' title='bbox 485 3214 593 3272; x_wconf 87' lang='lat' dir='ltr'><strong>autem</strong></span> <span class='ocrx_word' id='word_1_249' title='bbox 615 3206 756 3271; x_wconf 84' lang='lat' dir='ltr'><strong>maxime</strong></span> <span class='ocrx_word' id='word_1_250' title='bbox 779 3207 933 3292; x_wconf 90' lang='lat' dir='ltr'><strong>magister</strong></span> <span class='ocrx_word' id='word_1_251' title='bbox 954 3206 1089 3290; x_wconf 88' lang='lat' dir='ltr'><strong>Passek,</strong></span> <span class='ocrx_word' id='word_1_252' title='bbox 1112 3207 1148 3272; x_wconf 92' lang='lat' dir='ltr'><strong>in</strong></span> <span class='ocrx_word' id='word_1_253' title='bbox 1170 3205 1260 3273; x_wconf 89' lang='lat' dir='ltr'><strong>hunc</strong></span> <span class='ocrx_word' id='word_1_254' title='bbox 1280 3208 1377 3274; x_wconf 90' lang='lat' dir='ltr'><strong>finem</strong></span> <span class='ocrx_word' id='word_1_255' title='bbox 1397 3220 1421 3276; x_wconf 87' lang='lat' dir='ltr'><strong>et</strong></span> 
     </span>
     <span class='ocr_line' id='line_1_30' title="bbox 144 3309 1420 3401; baseline -0.004 -24"><span class='ocrx_word' id='word_1_256' title='bbox 144 3333 271 3378; x_wconf 91' lang='lat' dir='ltr'><strong>sensum</strong></span> <span class='ocrx_word' id='word_1_257' title='bbox 293 3310 529 3400; x_wconf 90' lang='lat' dir='ltr'><strong>responderunt</strong></span> <span class='ocrx_word' id='word_1_258' title='bbox 549 3309 739 3400; x_wconf 89' lang='lat' dir='ltr'><strong>proceribus</strong></span> <span class='ocrx_word' id='word_1_259' title='bbox 769 3311 1032 3398; x_wconf 88' lang='lat' dir='ltr'><strong>praenominatis,</strong></span> <span class='ocrx_word' id='word_1_260' title='bbox 1057 3310 1144 3400; x_wconf 93' lang='lat' dir='ltr'><strong>quod</strong></span> <span class='ocrx_word' id='word_1_261' title='bbox 1173 3310 1224 3377; x_wconf 92' lang='lat' dir='ltr'><strong>illi</strong></span> <span class='ocrx_word' id='word_1_262' title='bbox 1242 3312 1315 3401; x_wconf 90' lang='lat' dir='ltr'><strong>jam</strong></span> <span class='ocrx_word' id='word_1_263' title='bbox 1338 3329 1420 3398; x_wconf 89' lang='lat' dir='ltr'><strong>super</strong></span> 
     </span>
     <span class='ocr_line' id='line_1_31' title="bbox 143 3414 1418 3506; baseline -0.003 -23"><span class='ocrx_word' id='word_1_264' title='bbox 143 3415 224 3483; x_wconf 88' lang='lat' dir='ltr'><strong>haec</strong></span> <span class='ocrx_word' id='word_1_265' title='bbox 255 3416 484 3483; x_wconf 91' lang='lat' dir='ltr'><strong>resolutionem</strong></span> <span class='ocrx_word' id='word_1_266' title='bbox 518 3425 549 3482; x_wconf 92' lang='lat' dir='ltr'><strong>et</strong></span> <span class='ocrx_word' id='word_1_267' title='bbox 571 3414 714 3482; x_wconf 89' lang='lat' dir='ltr'><strong>edictum</strong></span> <span class='ocrx_word' id='word_1_268' title='bbox 735 3417 823 3502; x_wconf 92' lang='lat' dir='ltr'><strong>regis</strong></span> <span class='ocrx_word' id='word_1_269' title='bbox 845 3415 1005 3483; x_wconf 86' lang='lat' dir='ltr'><strong>Ludovioi</strong></span> <span class='ocrx_word' id='word_1_270' title='bbox 1027 3439 1085 3506; x_wconf 93' lang='lat' dir='ltr'><strong>pro</strong></span> <span class='ocrx_word' id='word_1_271' title='bbox 1107 3438 1144 3482; x_wconf 90' lang='lat' dir='ltr'><strong>re</strong></span> <span class='ocrx_word' id='word_1_272' title='bbox 1161 3415 1315 3505; x_wconf 88' lang='lat' dir='ltr'><strong>judicata</strong></span> <span class='ocrx_word' id='word_1_273' title='bbox 1335 3415 1418 3483; x_wconf 87' lang='lat' dir='ltr'><strong>habe·</strong></span> 
     </span>
     <span class='ocr_line' id='line_1_32' title="bbox 141 3518 1419 3610; baseline -0.003 -23"><span class='ocrx_word' id='word_1_274' title='bbox 141 3529 206 3605; x_wconf 86' lang='lat' dir='ltr'><strong>ant,</strong></span> <span class='ocrx_word' id='word_1_275' title='bbox 229 3529 340 3588; x_wconf 84' lang='lat' dir='ltr'><strong>contra</strong></span> <span class='ocrx_word' id='word_1_276' title='bbox 376 3520 545 3610; x_wconf 84' lang='lat' dir='ltr'><strong>quasillis</strong></span> <span class='ocrx_word' id='word_1_277' title='bbox 578 3543 640 3586; x_wconf 92' lang='lat' dir='ltr'><strong>nec</strong></span> <span class='ocrx_word' id='word_1_278' title='bbox 661 3519 815 3604; x_wconf 89' lang='lat' dir='ltr'><strong>debiturn,</strong></span> <span class='ocrx_word' id='word_1_279' title='bbox 839 3543 901 3586; x_wconf 89' lang='lat' dir='ltr'><strong>nec</strong></span> <span class='ocrx_word' id='word_1_280' title='bbox 921 3518 1076 3610; x_wconf 90' lang='lat' dir='ltr'><strong>possibile</strong></span> <span class='ocrx_word' id='word_1_281' title='bbox 1107 3519 1160 3604; x_wconf 89' lang='lat' dir='ltr'><strong>sit,</strong></span> <span class='ocrx_word' id='word_1_282' title='bbox 1183 3543 1259 3586; x_wconf 91' lang='lat' dir='ltr'><strong>cum</strong></span> <span class='ocrx_word' id='word_1_283' title='bbox 1281 3519 1419 3607; x_wconf 89' lang='lat' dir='ltr'><strong>relegatis</strong></span> 
     </span>
     <span class='ocr_line' id='line_1_33' title="bbox 141 3623 1416 3716; baseline -0.002 -25"><span class='ocrx_word' id='word_1_284' title='bbox 141 3647 176 3692; x_wconf 88' lang='lat' dir='ltr'><strong>se</strong></span> <span class='ocrx_word' id='word_1_285' title='bbox 196 3635 395 3716; x_wconf 81' lang='lat' dir='ltr'><strong>comportare</strong></span> <span class='ocrx_word' id='word_1_286' title='bbox 417 3635 473 3692; x_wconf 91' lang='lat' dir='ltr'><strong>aut</strong></span> <span class='ocrx_word' id='word_1_287' title='bbox 493 3626 682 3712; x_wconf 86' lang='lat' dir='ltr'><strong>transigere,</strong></span> <span class='ocrx_word' id='word_1_288' title='bbox 705 3625 908 3712; x_wconf 89' lang='lat' dir='ltr'><strong>praesertim,</strong></span> <span class='ocrx_word' id='word_1_289' title='bbox 930 3634 966 3690; x_wconf 90' lang='lat' dir='ltr'><strong>ut</strong></span> <span class='ocrx_word' id='word_1_290' title='bbox 989 3623 1189 3691; x_wconf 92' lang='lat' dir='ltr'><strong>domicilium</strong></span> <span class='ocrx_word' id='word_1_291' title='bbox 1204 3647 1300 3691; x_wconf 91' lang='lat' dir='ltr'><strong>suum</strong></span> <span class='ocrx_word' id='word_1_292' title='bbox 1314 3627 1416 3691; x_wconf 90' lang='lat' dir='ltr'><strong>iterum</strong></span> 
     </span>
     <span class='ocr_line' id='line_1_34' title="bbox 141 3727 1411 3820; baseline -0.004 -23"><span class='ocrx_word' id='word_1_293' title='bbox 141 3730 266 3820; x_wconf 88' lang='lat' dir='ltr'><strong>Pragae</strong></span> <span class='ocrx_word' id='word_1_294' title='bbox 287 3732 388 3819; x_wconf 88' lang='lat' dir='ltr'><strong>figere</strong></span> <span class='ocrx_word' id='word_1_295' title='bbox 410 3729 576 3814; x_wconf 89' lang='lat' dir='ltr'><strong>deberent,</strong></span> <span class='ocrx_word' id='word_1_296' title='bbox 599 3738 632 3795; x_wconf 90' lang='lat' dir='ltr'><strong>et</strong></span> <span class='ocrx_word' id='word_1_297' title='bbox 653 3727 739 3816; x_wconf 90' lang='lat' dir='ltr'><strong>quod</strong></span> <span class='ocrx_word' id='word_1_298' title='bbox 762 3729 790 3792; x_wconf 90' lang='lat' dir='ltr'><strong>si</strong></span> <span class='ocrx_word' id='word_1_299' title='bbox 812 3728 894 3794; x_wconf 90' lang='lat' dir='ltr'><strong>haec</strong></span> <span class='ocrx_word' id='word_1_300' title='bbox 915 3751 981 3795; x_wconf 91' lang='lat' dir='ltr'><strong>non</strong></span> <span class='ocrx_word' id='word_1_301' title='bbox 1003 3728 1177 3814; x_wconf 88' lang='lat' dir='ltr'><strong>obstarent,</strong></span> <span class='ocrx_word' id='word_1_302' title='bbox 1201 3729 1293 3816; x_wconf 89' lang='lat' dir='ltr'><strong>quod</strong></span> <span class='ocrx_word' id='word_1_303' title='bbox 1314 3728 1411 3796; x_wconf 89' lang='lat' dir='ltr'><strong>luben·</strong></span> 
     </span>
     <span class='ocr_line' id='line_1_35' title="bbox 141 3832 1417 3921; baseline -0.005 -19"><span class='ocrx_word' id='word_1_304' title='bbox 141 3845 190 3902; x_wconf 87' lang='lat' dir='ltr'><strong>tes</strong></span> <span class='ocrx_word' id='word_1_305' title='bbox 226 3834 348 3904; x_wconf 88' lang='lat' dir='ltr'><strong>vellent</strong></span> <span class='ocrx_word' id='word_1_306' title='bbox 382 3836 417 3901; x_wconf 91' lang='lat' dir='ltr'><strong>in</strong></span> <span class='ocrx_word' id='word_1_307' title='bbox 438 3834 587 3901; x_wconf 92' lang='lat' dir='ltr'><strong>omnibus</strong></span> <span class='ocrx_word' id='word_1_308' title='bbox 623 3833 734 3921; x_wconf 89' lang='lat' dir='ltr'><strong>regiae</strong></span> <span class='ocrx_word' id='word_1_309' title='bbox 757 3832 916 3900; x_wconf 85' lang='lat' dir='ltr'><strong>voluntati</strong></span> <span class='ocrx_word' id='word_1_310' title='bbox 954 3844 985 3900; x_wconf 88' lang='lat' dir='ltr'><strong>et</strong></span> <span class='ocrx_word' id='word_1_311' title='bbox 1007 3833 1160 3901; x_wconf 87' lang='lat' dir='ltr'><strong>mandato</strong></span> <span class='ocrx_word' id='word_1_312' title='bbox 1183 3835 1370 3902; x_wconf 88' lang='lat' dir='ltr'><strong>satisfacere</strong></span> <span class='ocrx_word' id='word_1_313' title='bbox 1393 3837 1417 3896; x_wconf 92' lang='lat' dir='ltr'><strong>et</strong></span> 
     </span>
     <span class='ocr_line' id='line_1_36' title="bbox 141 3935 1417 4028; baseline -0.005 -22"><span class='ocrx_word' id='word_1_314' title='bbox 141 3939 311 4023; x_wconf 90' lang='lat' dir='ltr'><strong>confidere,</strong></span> <span class='ocrx_word' id='word_1_315' title='bbox 342 3940 376 4004; x_wconf 93' lang='lat' dir='ltr'><strong>in</strong></span> <span class='ocrx_word' id='word_1_316' title='bbox 398 3939 448 4005; x_wconf 89' lang='lat' dir='ltr'><strong>his</strong></span> <span class='ocrx_word' id='word_1_317' title='bbox 471 3961 547 4007; x_wconf 88' lang='lat' dir='ltr'><strong>vero</strong></span> <span class='ocrx_word' id='word_1_318' title='bbox 569 3937 634 4005; x_wconf 91' lang='lat' dir='ltr'><strong>illis</strong></span> <span class='ocrx_word' id='word_1_319' title='bbox 656 3961 722 4005; x_wconf 92' lang='lat' dir='ltr'><strong>non</strong></span> <span class='ocrx_word' id='word_1_320' title='bbox 745 3960 816 4004; x_wconf 90' lang='lat' dir='ltr'><strong>esse</strong></span> <span class='ocrx_word' id='word_1_321' title='bbox 838 3939 993 4027; x_wconf 92' lang='lat' dir='ltr'><strong>possibile</strong></span> <span class='ocrx_word' id='word_1_322' title='bbox 1015 3939 1161 4028; x_wconf 90' lang='lat' dir='ltr'><strong>obsequi.</strong></span> <span class='ocrx_word' id='word_1_323' title='bbox 1185 3938 1240 4007; x_wconf 89' lang='lat' dir='ltr'><strong>Ob</strong></span> <span class='ocrx_word' id='word_1_324' title='bbox 1264 3939 1349 4007; x_wconf 89' lang='lat' dir='ltr'><strong>hanc</strong></span> <span class='ocrx_word' id='word_1_325' title='bbox 1367 3935 1417 4024; x_wconf 89' lang='lat' dir='ltr'><strong>igi·</strong></span> 
     </span>
     <span class='ocr_line' id='line_1_37' title="bbox 140 4042 1416 4132; baseline -0.006 -20"><span class='ocrx_word' id='word_1_326' title='bbox 140 4055 191 4112; x_wconf 90' lang='lat' dir='ltr'><strong>tur</strong></span> <span class='ocrx_word' id='word_1_327' title='bbox 213 4066 344 4111; x_wconf 90' lang='lat' dir='ltr'><strong>oausam</strong></span> <span class='ocrx_word' id='word_1_328' title='bbox 364 4043 437 4110; x_wconf 88' lang='lat' dir='ltr'><strong>illos</strong></span> <span class='ocrx_word' id='word_1_329' title='bbox 458 4045 596 4128; x_wconf 90' lang='lat' dir='ltr'><strong>nescire,</strong></span> <span class='ocrx_word' id='word_1_330' title='bbox 619 4042 780 4132; x_wconf 92' lang='lat' dir='ltr'><strong>quomodo</strong></span> <span class='ocrx_word' id='word_1_331' title='bbox 805 4042 913 4109; x_wconf 89' lang='lat' dir='ltr'><strong>debite</strong></span> <span class='ocrx_word' id='word_1_332' title='bbox 944 4053 1056 4111; x_wconf 91' lang='lat' dir='ltr'><strong>contra</strong></span> <span class='ocrx_word' id='word_1_333' title='bbox 1095 4043 1182 4111; x_wconf 88' lang='lat' dir='ltr'><strong>hane</strong></span> <span class='ocrx_word' id='word_1_334' title='bbox 1204 4045 1416 4112; x_wconf 88' lang='lat' dir='ltr'><strong>resolutionem</strong></span> 
     </span>
     <span class='ocr_line' id='line_1_38' title="bbox 140 4146 1411 4238; baseline -0.002 -22"><span class='ocrx_word' id='word_1_335' title='bbox 140 4161 172 4216; x_wconf 91' lang='lat' dir='ltr'><strong>et</strong></span> <span class='ocrx_word' id='word_1_336' title='bbox 187 4148 368 4238; x_wconf 88' lang='lat' dir='ltr'><strong>judicatum</strong></span> <span class='ocrx_word' id='word_1_337' title='bbox 390 4148 432 4214; x_wconf 86' lang='lat' dir='ltr'><strong>ad</strong></span> <span class='ocrx_word' id='word_1_338' title='bbox 454 4147 543 4215; x_wconf 87' lang='lat' dir='ltr'><strong>aliud</strong></span> <span class='ocrx_word' id='word_1_339' title='bbox 564 4146 720 4214; x_wconf 89' lang='lat' dir='ltr'><strong>accedere</strong></span> <span class='ocrx_word' id='word_1_340' title='bbox 743 4146 909 4224; x_wconf 89' lang='lat' dir='ltr'><strong>deberent,</strong></span> <span class='ocrx_word' id='word_1_341' title='bbox 933 4149 967 4214; x_wconf 94' lang='lat' dir='ltr'><strong>in</strong></span> <span class='ocrx_word' id='word_1_342' title='bbox 988 4149 1061 4215; x_wconf 90' lang='lat' dir='ltr'><strong>aliis</strong></span> <span class='ocrx_word' id='word_1_343' title='bbox 1083 4172 1164 4217; x_wconf 88' lang='lat' dir='ltr'><strong>vero</strong></span> <span class='ocrx_word' id='word_1_344' title='bbox 1175 4149 1287 4236; x_wconf 88' lang='lat' dir='ltr'><strong>rebus,</strong></span> <span class='ocrx_word' id='word_1_345' title='bbox 1311 4170 1411 4235; x_wconf 88' lang='lat' dir='ltr'><strong>excep·</strong></span> 
     </span>
     <span class='ocr_line' id='line_1_39' title="bbox 140 4250 1411 4342; baseline -0.001 -23"><span class='ocrx_word' id='word_1_346' title='bbox 140 4262 172 4320; x_wconf 89' lang='lat' dir='ltr'><strong>to</strong></span> <span class='ocrx_word' id='word_1_347' title='bbox 195 4253 357 4320; x_wconf 88' lang='lat' dir='ltr'><strong>domicilio</strong></span> <span class='ocrx_word' id='word_1_348' title='bbox 378 4253 479 4342; x_wconf 90' lang='lat' dir='ltr'><strong>partis</strong></span> <span class='ocrx_word' id='word_1_349' title='bbox 501 4251 658 4318; x_wconf 88' lang='lat' dir='ltr'><strong>adversae</strong></span> <span class='ocrx_word' id='word_1_350' title='bbox 679 4252 806 4338; x_wconf 86' lang='lat' dir='ltr'><strong>Pragae</strong></span> <span class='ocrx_word' id='word_1_351' title='bbox 827 4250 987 4331; x_wconf 89' lang='lat' dir='ltr'><strong>habendo,</strong></span> <span class='ocrx_word' id='word_1_352' title='bbox 1013 4252 1100 4341; x_wconf 92' lang='lat' dir='ltr'><strong>quod</strong></span> <span class='ocrx_word' id='word_1_353' title='bbox 1113 4254 1300 4342; x_wconf 89' lang='lat' dir='ltr'><strong>transigere</strong></span> <span class='ocrx_word' id='word_1_354' title='bbox 1311 4264 1411 4322; x_wconf 85' lang='lat' dir='ltr'><strong>etcum</strong></span> 
     </span>
     <span class='ocr_line' id='line_1_40' title="bbox 137 4355 941 4459; baseline -0.002 -35"><span class='ocrx_word' id='word_1_355' title='bbox 137 4355 203 4424; x_wconf 93' lang='lat' dir='ltr'><strong>illis</strong></span> <span class='ocrx_word' id='word_1_356' title='bbox 226 4365 426 4459; x_wconf 88' lang='lat' dir='ltr'><strong>comportare</strong></span> <span class='ocrx_word' id='word_1_357' title='bbox 448 4379 486 4424; x_wconf 87' lang='lat' dir='ltr'><strong>ac</strong></span> <span class='ocrx_word' id='word_1_358' title='bbox 507 4358 580 4444; x_wconf 85' lang='lat' dir='ltr'><strong>regi</strong></span> <span class='ocrx_word' id='word_1_359' title='bbox 604 4355 790 4422; x_wconf 84' lang='lat' dir='ltr'><strong>satisfacere</strong></span> <span class='ocrx_word' id='word_1_360' title='bbox 812 4355 941 4423; x_wconf 87' lang='lat' dir='ltr'><strong>vellent</strong></span> 
     </span>
    </p>

    <p class='ocr_par' dir='ltr' id='par_1_8' title="bbox 126 4460 1413 4761">
     <span class='ocr_line' id='line_1_41' title="bbox 221 4460 1413 4554; baseline 0.003 -29"><span class='ocrx_word' id='word_1_361' title='bbox 221 4460 294 4529; x_wconf 93' lang='lat' dir='ltr'><strong>Hoc</strong></span> <span class='ocrx_word' id='word_1_362' title='bbox 316 4462 390 4528; x_wconf 92' lang='lat' dir='ltr'><strong>dato</strong></span> <span class='ocrx_word' id='word_1_363' title='bbox 412 4484 568 4551; x_wconf 89' lang='lat' dir='ltr'><strong>responso</strong></span> <span class='ocrx_word' id='word_1_364' title='bbox 590 4483 656 4528; x_wconf 92' lang='lat' dir='ltr'><strong>non</strong></span> <span class='ocrx_word' id='word_1_365' title='bbox 678 4469 827 4549; x_wconf 89' lang='lat' dir='ltr'><strong>poterant</strong></span> <span class='ocrx_word' id='word_1_366' title='bbox 848 4461 883 4526; x_wconf 93' lang='lat' dir='ltr'><strong>in</strong></span> <span class='ocrx_word' id='word_1_367' title='bbox 906 4482 941 4526; x_wconf 91' lang='lat' dir='ltr'><strong>se</strong></span> <span class='ocrx_word' id='word_1_368' title='bbox 975 4460 1139 4530; x_wconf 83' lang='lat' dir='ltr'><strong>occultare</strong></span> <span class='ocrx_word' id='word_1_369' title='bbox 1163 4466 1338 4554; x_wconf 86' lang='lat' dir='ltr'><strong>superbam</strong></span> <span class='ocrx_word' id='word_1_370' title='bbox 1358 4464 1413 4530; x_wconf 89' lang='lat' dir='ltr'><strong>ino·</strong></span> 
     </span>
     <span class='ocr_line' id='line_1_42' title="bbox 136 4563 1411 4659; baseline -0.002 -26"><span class='ocrx_word' id='word_1_371' title='bbox 136 4563 344 4655; x_wconf 86' lang='lat' dir='ltr'><strong>bedientiam,</strong></span> <span class='ocrx_word' id='word_1_372' title='bbox 368 4568 529 4633; x_wconf 87' lang='lat' dir='ltr'><strong>contrarie</strong></span> <span class='ocrx_word' id='word_1_373' title='bbox 552 4588 587 4631; x_wconf 92' lang='lat' dir='ltr'><strong>se</strong></span> <span class='ocrx_word' id='word_1_374' title='bbox 609 4575 810 4654; x_wconf 89' lang='lat' dir='ltr'><strong>opponentes</strong></span> <span class='ocrx_word' id='word_1_375' title='bbox 833 4564 910 4630; x_wconf 89' lang='lat' dir='ltr'><strong>huic</strong></span> <span class='ocrx_word' id='word_1_376' title='bbox 932 4586 988 4630; x_wconf 91' lang='lat' dir='ltr'><strong>suo</strong></span> <span class='ocrx_word' id='word_1_377' title='bbox 1011 4565 1154 4653; x_wconf 91' lang='lat' dir='ltr'><strong>domino,</strong></span> <span class='ocrx_word' id='word_1_378' title='bbox 1168 4570 1254 4636; x_wconf 90' lang='lat' dir='ltr'><strong>sicut</strong></span> <span class='ocrx_word' id='word_1_379' title='bbox 1276 4580 1308 4635; x_wconf 90' lang='lat' dir='ltr'><strong>et</strong></span> <span class='ocrx_word' id='word_1_380' title='bbox 1318 4569 1411 4659; x_wconf 90' lang='lat' dir='ltr'><strong>priori,</strong></span> 
     </span>
     <span class='ocr_line' id='line_1_43' title="bbox 126 4669 1411 4761; baseline 0.002 -25"><span class='ocrx_word' id='word_1_381' title='bbox 126 4671 328 4759; x_wconf 82' lang='lat' dir='ltr'><strong>praesertim</strong></span> <span class='ocrx_word' id='word_1_382' title='bbox 350 4671 385 4735; x_wconf 93' lang='lat' dir='ltr'><strong>in</strong></span> <span class='ocrx_word' id='word_1_383' title='bbox 407 4669 469 4755; x_wconf 90' lang='lat' dir='ltr'><strong>his,</strong></span> <span class='ocrx_word' id='word_1_384' title='bbox 492 4669 578 4759; x_wconf 91' lang='lat' dir='ltr'><strong>quod</strong></span> <span class='ocrx_word' id='word_1_385' title='bbox 599 4669 730 4758; x_wconf 90' lang='lat' dir='ltr'><strong>ipsimet</strong></span> <span class='ocrx_word' id='word_1_386' title='bbox 751 4671 786 4735; x_wconf 94' lang='lat' dir='ltr'><strong>in</strong></span> <span class='ocrx_word' id='word_1_387' title='bbox 809 4692 845 4735; x_wconf 95' lang='lat' dir='ltr'><strong>se</strong></span> <span class='ocrx_word' id='word_1_388' title='bbox 866 4670 1059 4736; x_wconf 87' lang='lat' dir='ltr'><strong>attraxerint</strong></span> <span class='ocrx_word' id='word_1_389' title='bbox 1080 4683 1278 4761; x_wconf 89' lang='lat' dir='ltr'><strong>potestatem</strong></span> <span class='ocrx_word' id='word_1_390' title='bbox 1300 4673 1411 4742; x_wconf 88' lang='lat' dir='ltr'><strong>etobli·</strong></span> 
     </span>
    </p>
   </div>
   <div class='ocr_carea' id='block_1_6' title="bbox 114 4773 1411 4872">
    <p class='ocr_par' dir='ltr' id='par_1_9' title="bbox 114 4773 1411 4872">
     <span class='ocr_line' id='line_1_44' title="bbox 114 4773 1411 4872; baseline 0.003 -29"><span class='ocrx_word' id='word_1_391' title='bbox 114 4774 292 4862; x_wconf 79' lang='lat' dir='ltr'><strong>gationem</strong></span> <span class='ocrx_word' id='word_1_392' title='bbox 313 4775 456 4868; x_wconf 78' lang='lat' dir='ltr'><strong>regiam,</strong></span> <span class='ocrx_word' id='word_1_393' title='bbox 493 4774 573 4849; x_wconf 86' lang='lat' dir='ltr'><strong>dum</strong></span> <span class='ocrx_word' id='word_1_394' title='bbox 594 4797 632 4848; x_wconf 88' lang='lat' dir='ltr'><strong>se</strong></span> <span class='ocrx_word' id='word_1_395' title='bbox 650 4775 691 4850; x_wconf 89' lang='lat' dir='ltr'><strong>in</strong></span> <span class='ocrx_word' id='word_1_396' title='bbox 704 4773 774 4846; x_wconf 85' lang='lat' dir='ltr'><strong>boe</strong></span> <span class='ocrx_word' id='word_1_397' title='bbox 803 4773 1021 4862; x_wconf 82' lang='lat' dir='ltr'><strong>firmaremnt,</strong></span> <span class='ocrx_word' id='word_1_398' title='bbox 1061 4780 1150 4868; x_wconf 85' lang='lat' dir='ltr'><strong>quod</strong></span> <span class='ocrx_word' id='word_1_399' title='bbox 1170 4780 1238 4853; x_wconf 90' lang='lat' dir='ltr'><strong>illis</strong></span> <span class='ocrx_word' id='word_1_400' title='bbox 1269 4775 1411 4872; x_wconf 86' lang='lat' dir='ltr'><strong>possibile</strong></span> 
     </span>
    </p>
   </div>
   <div class='ocr_carea' id='block_1_7' title="bbox 0 0 1478 5086">
    <p class='ocr_par' dir='ltr' id='par_1_10' title="bbox 0 0 1478 5086">
     <span class='ocr_line' id='line_1_45' title="bbox 0 0 1478 5086; baseline 0 3"><span class='ocrx_word' id='word_1_401' title='bbox 0 0 1478 5086; x_wconf 95' lang='lat' dir='ltr'><strong> </strong></span> 
     </span>
    </p>
   </div>
  </div>
 </body>
</html>
