2946 5086
144 172 315 271 114·
504 152 512 183 ¹

137 340 279 406 familiae
313 360 378 404 non
402 335 646 425 prohibeantur,
694 335 868 402 dummodo
899 333 1017 400 similia
1038 332 1117 401 fiant
1151 337 1223 401 sine
1265 334 1426 401 additione

128 442 340 532 'quorundam
378 464 420 507 ex
450 443 581 529 proprio
609 439 736 528 J'udicio
773 450 806 506 et
839 439 1055 528 explicatione
1077 447 1132 504 ant
1154 440 1427 529 interpretatione.

79 549 82 555 '
224 548 327 633 Item3
366 546 452 634 quod
493 546 660 611 concernit
689 543 907 610 ordinationes
942 541 1143 610 sacerdotum
1178 552 1211 609 et
1243 542 1428 611 clericorum

139 652 406 719 scholasticorum
429 660 561 739 propter
584 657 728 717 sanctam
750 648 849 715 fidem
871 649 1089 726 christianam,
1112 648 1252 715 uttales
1276 647 1428 719 sufficien-

141 768 190 823 tes
212 756 324 823 haberi
360 758 494 844 possint,
531 754 630 821 Suam
658 753 794 840 Regiam
830 754 1033 842 Majestatcm
1069 752 1269 819 unanimiter
1304 753 1426 841 precari

139 861 297 944 volumus,
335 870 370 926 ut
392 861 458 926 Sua
479 860 633 948 Majestas
667 859 752 924 hane
786 861 923 946 gratiam
954 857 1041 946 apud
1076 844 1199 924 Sedem
1221 859 1426 947 apostolicam

137 968 296 1055 impetret,
329 975 366 1032 ut
396 965 507 1031 clerici
529 964 714 1031 scholastici
749 965 832 1029 sicut
863 964 1049 1030 sacerdotes
1073 963 1132 1029 sub
1155 985 1220 1029 una
1243 972 1277 1029 et
1296 974 1427 1050 utraque

137 1074 246 1159 specie
268 1074 541 1138 communicantes
563 1069 604 1135 ab
627 1070 879 1159 archiepiscopis
903 1081 934 1135 et
957 1069 1119 1158 episcopis
1153 1067 1352 1133 ordinentur.
1374 1068 1424 1131 At-

138 1199 201 1264 que
223 1176 329 1264 quoad
364 1176 454 1260 haec,
488 1185 523 1241 ut
546 1175 611 1241 Sua
632 1174 787 1263 Majestas
808 1174 912 1261 Regia
942 1196 1049 1240 moras
1080 1171 1136 1237 diu
1156 1172 1347 1260 protrahere
1368 1194 1425 1237 uon

140 1272 300 1367 dignetur.
1248 1366 1251 1371 Ι

135 1398 137 1403 “
222 1385 305 1452 Item
327 1385 389 1450 hoc
411 1385 508 1450 etiam
519 1383 618 1449 Suam
640 1382 846 1471 Majestatem
867 1384 1003 1470 Regiam
1027 1382 1171 1450 universi
1193 1385 1325 1472 precari
1343 1381 1426 1449 volu·

137 1513 219 1574 mus,
252 1498 288 1555 ut
317 1488 375 1554 has
411 1497 535 1554 nostras
568 1488 714 1565 uniones,
751 1488 957 1572 concordias,
990 1489 1112 1576 gratias
1148 1498 1181 1555 et
1214 1490 1425 1555 christianam

138 1595 329 1661 charitatem
362 1592 553 1658 confirmare
588 1593 784 1677 dignaretur,
819 1592 914 1658 simul
948 1595 1046 1658 etiam
1082 1593 1170 1680 apud
1204 1593 1425 1682 Apostolicam

141 1698 261 1766 Sedem
283 1698 346 1763 hoc
369 1697 497 1762 efficere
520 1696 679 1782 dignetur,
706 1707 742 1762 ut
762 1719 865 1784 aeque
887 1699 968 1780 haee
990 1699 1098 1764 omnia
1121 1697 1362 1785 confirmentur,
1397 1706 1431 1760 ut

138 1806 173 1869 in
195 1802 246 1869 his
270 1801 419 1867 omnibus
454 1801 524 1865 sine
546 1803 781 1888 interruptione
815 1813 848 1868 et
869 1803 1091 1869 immutatione
1127 1802 1343 1870 immobiliter
1362 1812 1430 1890 per-

140 1909 253 1972 sistere
275 1907 448 1994 possimus,
487 1914 519 1970 et
552 1906 592 1970 in'
609 1907 733 1970 cunctis
766 1929 840 1971 cum
863 1907 967 1993 gratia
1003 1906 1114 1980 divina
1136 1909 1337 1991 conservari,
1372 1929 1429 1994 pro

138 2012 357 2078 consolatione
379 2011 465 2077 Suae
487 2011 609 2096 Regiae
631 2011 822 2099 Majestatis,
845 2034 885 2077 ac
907 2002 1083 2079 obtinenda
1105 2033 1143 2076 ac
1164 2012 1339 2086 retinenda
1353 2012 1435 2076 inter

139 2136 199 2179 nos
221 2117 255 2179 in
277 2117 430 2181 universo
451 2136 552 2200 regno
576 2124 687 2179 sancta
708 2137 799 2203 pace,
823 2124 855 2180 et
875 2125 1048 2202 augmento
1070 2115 1149 2182 boni
1171 2118 1363 2182 communis.

204 2214 325 2305 'Item3
350 2218 436 2307 quod
458 2218 654 2283 Pichhartas
677 2222 800 2298 attinet,
821 2221 856 2287 iu
877 2221 940 2286 hoe
953 2223 1174 2301 ,convenimus
1208 2243 1330 2286 omues·
1354 2243 1436 2286 una-

140 2323 281 2407 nimiter,
305 2333 473 2390 uteorum
498 2325 673 2390 conciones
696 2335 728 2390 et
750 2325 903 2412 dogmata
930 2325 1147 2410 inhibeantur,
1177 2323 1310 2390 illorum
1331 2336 1436 2392 coetus

142 2428 324 2494 eteoucilia
340 2414 562 2508 occluduntur,
586 2438 618 2495 et
628 2429 856 2516 impediantur,
881 2429 1004 2495 tamdiu
1027 2430 1130 2497 donec
1153 2416 1235 2513 hacc
1256 2452 1311 2495 res
1333 2439 1437 2496 nostra

139 2535 224 2599 inter
245 2556 304 2599 nos
323 2543 526 2622 pertractata,
551 2543 582 2598 et
593 2532 788 2599 concordata
809 2556 868 2622 per
879 2536 1021 2629 ⁴Regiam
1032 2535 1246 2623 Majestatem,
1263 2537 1436 2604 Dominum

140 2647 286 2703 nostrum
298 2639 576 2706 Gratiosissimum
588 2638 785 2722 confirmata,
800 2641 877 2704 etin
889 2639 951 2705 hac
964 2642 1160 2726 emensione,
1172 2653 1319 2734 utsupra
1331 2645 1436 2712 scribi·

140 2753 201 2825 tur,
218 2745 391 2809 constituta
402 2744 584 2832 etperfecta
596 2745 701 2809 fuerit.
712 2745 889 2832 Postquam
902 2753 1009 2811 autem
1020 2769 1073 2811 res
1084 2745 1141 2812 illa
1163 2748 1434 2817 confirmationem

140 2869 234 2912 suam
270 2850 439 2934 pertigerit
461 2858 492 2913 et
526 2850 698 2914 terminata
719 2848 833 2931 fuerit,
868 2858 944 2916 tunc
980 2873 1056 2938 pars
1091 2859 1227 2939 utraque
1263 2854 1435 2942 aequaliter

142 2956 216 3017 eum
239 2951 304 3017 Sua
325 2952 496 3040 Majestate
517 2944 621 3039 Regia
643 2951 684 3017 de
707 2952 757 3017 his
779 2952 877 3018 rebus
900 2964 985 3041 aget,
1008 2956 1042 3020 in
1066 2955 1182 3044 quibus
1219 2957 1356 3025 ulterius
1386 2979 1433 3023 res

141 3054 400 3140 Pickhartarum,
424 3065 457 3120 et
479 3056 639 3144 quomodo
663 3056 840 3122 subsistere
863 3057 1004 3124 debeant
1027 3059 1097 3124 sine
1120 3059 1342 3145 destructione
1373 3063 1428 3128 ho·

141 3180 213 3224 rum
235 3159 417 3244 fundorum,
442 3158 560 3248 quibus
591 3158 755 3225 suberunt.
1017 3142 1024 3151 “

228 3264 320 3329 Finis
343 3263 458 3330 horum
481 3262 683 3329 comitiorum
706 3262 747 3327 de
769 3262 866 3329 rebus
888 3264 1093 3333 clericalibus
1131 3276 1163 3333 et
1196 3271 1432 3339 ecclesiasticis.
1463 3280 1466 3287 '

225 3368 317 3434 Nihil
338 3370 372 3433 in
396 3367 447 3433 his
470 3367 614 3433 articulis
636 3369 808 3452 invenitur,
833 3372 919 3456 quod
942 3372 1201 3443 consideratione
1229 3398 1298 3441 non
1320 3372 1432 3463 egeret,

143 3496 239 3562 qnam
270 3482 379 3539 autem
401 3473 473 3539 aliis
504 3474 679 3550 committo,
712 3474 773 3538 hoc
796 3473 899 3539 solum
922 3474 1057 3563 quilibet
1078 3479 1260 3566 perpendat
1282 3489 1314 3546 et
1335 3481 1433 3546 discu-

143 3581 212 3662 tiat,
236 3599 354 3666 nempe
386 3578 608 3644 diversitatem
639 3579 724 3642 inter
753 3575 883 3644 comitia
910 3581 1139 3667 praecedentia
1168 3584 1255 3650 eirca
1283 3584 1434 3651 Purifica-

142 3683 240 3747 tionis
264 3681 351 3746 diem
372 3685 450 3775 anni
484 3681 569 3751 1524
593 3691 624 3747 et
647 3681 777 3746 comitia
809 3685 1004 3770 praesentia,
1029 3696 1112 3773 quae
1134 3685 1191 3771 ibi,
1215 3697 1247 3756 et
1270 3712 1354 3778 quae
1376 3688 1433 3771 hic,

143 3787 251 3851 omnia
273 3786 323 3850 his
347 3787 508 3852 contraria
544 3780 734 3873 agebantur,
751 3834 754 3838 ι
771 3788 906 3875 inspice,
931 3810 1108 3874 quaecum
1132 3778 1276 3872 invicem
1309 3816 1433 3859 concor-

145 3889 230 3955 dent.
254 3890 316 3954 Illa
338 3892 425 3956 enim
448 3900 497 3975 est
519 3912 571 3956 res
594 3890 735 3955 finaliter
756 3903 842 3974 nota,
866 3892 1030 3978 quietam
1064 3894 1134 3980 hic,
1170 3919 1267 3984 quam
1289 3897 1336 3964 ibi
1366 3920 1433 3964 con-

35 4012 39 4021 ’
147 3993 302 4060 cernebat
335 4005 366 4061 et
388 3990 548 4082 agebatur
569 3994 611 4059 de
632 3993 730 4060 rebus
762 3995 992 4063 ecclesiasticis
1019 4000 1117 4087 juxa
1149 4000 1255 4088 legem
1290 4002 1356 4067 Dei
1392 4024 1434 4067 or·

145 4100 264 4165 dinatis
300 4108 332 4164 et
354 4101 424 4164 sine
447 4099 617 4179 discordiis
639 4099 686 4164 ibi
709 4102 816 4165 omnia
849 4093 1038 4186 agebantur.
1080 4104 1146 4170 Hic
1178 4128 1258 4171 vero
1296 4109 1332 4173 iu
1367 4128 1434 4172 con·

144 4207 279 4270 trarium
296 4205 352 4270 his
376 4203 535 4287 omnibus,
575 4205 671 4269 etiam
708 4205 759 4269 his
781 4209 940 4292 personis,
965 4209 1020 4294 qui
1053 4208 1173 4275 factum
1210 4210 1275 4276 hoc
1313 4210 1435 4277 conclu·

146 4318 265 4392 serunt,
289 4317 363 4375 acta
386 4319 460 4373 sunt
481 4317 577 4396 prout
590 4309 695 4396 ‘hujus
722 4318 821 4375 testes
855 4320 888 4376 et
910 4322 1134 4398 argumentum
1155 4313 1219 4385 hoe
1241 4314 1436 4383 demonstra-

144 4420 270 4494 verunt,
293 4412 380 4499 quod
402 4412 495 4477 multi
517 4421 594 4477 tune
619 4414 727 4477 statim
749 4416 942 4501 optaverint,
964 4425 1001 4482 ut
1023 4439 1118 4482 omne
1140 4417 1232 4504 illu'd,
1257 4421 1346 4509 quod
1368 4445 1437 4489 ocu-

145 4514 194 4581 los
217 4516 405 4600 offenderet,
438 4517 592 4583 irritetur.
636 4516 671 4582 si
694 4519 804 4604 itaque
842 4519 1068 4587 observaveris
1108 4524 1216 4588 omnia
1248 4527 1286 4591 in
1308 4526 1372 4594 hoe
1394 4550 1438 4594 se·

145 4620 251 4686 cundo
269 4629 416 4705 tractatu,
440 4623 589 4687 invenies
611 4622 696 4687 inter
718 4623 798 4688 alias
826 4623 1031 4692 diversitates
1047 4634 1080 4692 et
1104 4625 1329 4698 deformitates
1346 4633 1438 4700 etiam

142 4723 249 4791 hane:
274 4722 360 4812 quod
382 4744 495 4792 omnes
516 4725 566 4791 illi
586 4735 713 4793 setores
735 4726 1005 4798 christianitatem
1028 4750 1120 4800 suam
1137 4722 1377 4807 'firndaveruut
1407 4738 1440 4804 in
