2946 5086
96 180 184 261 tro·

94 371 128 431 et
147 364 183 429 in
205 383 371 446 nauseam,
402 364 495 446 iram,
534 363 768 447 contentiones,
803 361 914 431 odium
949 373 982 432 et
1002 365 1068 432 alia
1100 362 1188 430 mala
1218 365 1370 453 perducat

94 469 250 558 primaria
270 467 327 535 ille
351 489 448 533 cansa
469 467 530 532 fuit
558 467 784 534 concitationis
806 467 896 555 cleri,
923 489 1136 561 quaecunque
1156 467 1284 556 Progne
1310 484 1416 539 con.¹

94 574 178 658 tigit.
222 571 288 653 Qui
310 594 353 637 ex
375 571 575 658 obligatione
597 580 699 643 status
722 570 881 639 clericalis
904 572 1082 640 secundum
1094 571 1220 639 Christi
1242 583 1276 640 et
1293 597 1374 664 apos-

95 676 231 743 tolorum
255 677 325 765 ejus
348 671 582 743 institutionem
604 676 761 765 populum
783 699 803 742 a
824 678 910 744 malo
932 688 1081 746 avertere
1114 676 1292 763 debuisset,
1326 679 1373 744 ille

95 782 296 846 econtrario
319 781 467 847 incitavit
495 779 537 845 ad
560 779 726 865 sanguinis
748 780 980 867 profusionem,
1012 792 1206 869 argumenta
1236 782 1278 867 ad
1305 783 1376 849 haec

94 884 262 972 proferens
286 906 329 949 ex
349 885 482 969 antiquo
504 889 697 949 testamento
719 882 760 948 de
781 884 946 969 vindictis,
978 897 1010 952 et
1032 909 1075 952 ex
1108 887 1274 952 chronicis
1294 890 1377 975 regni

22 984 32 993 ”
93 976 272 1054 Bohemiae
294 987 355 1053 sub
378 989 573 1075 imperatore
588 986 808 1074 sigismundo,
832 997 866 1054 et
886 989 960 1055 aliis
984 975 1125 1078 regibus,
1150 1013 1287 1079 quorum
1308 1002 1377 1057 tem·

90 1114 181 1181 pore,
204 1090 323 1157 stillis
346 1082 557 1181 regnantibus
580 1093 717 1177 grandia
738 1093 826 1159 bella
848 1091 987 1158 subinde
1008 1093 1267 1162 interBohemos
1291 1095 1376 1173 solos,

92 1195 267 1284 aliquando
291 1218 364 1262 eum
387 1196 514 1284 populis
551 1197 666 1263 alienis
696 1199 730 1263 in
751 1196 909 1263 Bohemia
940 1198 1080 1281 fuerunt,
1113 1199 1301 1265 assimilans
1331 1223 1376 1264 res

93 1302 212 1366 multas
234 1288 442 1388 praegressas
465 1324 537 1367 curn
560 1302 734 1368 modernis.
777 1302 821 1368 Et
842 1301 904 1368 hoc
941 1301 1037 1368 modo
1059 1299 1115 1368 ille
1148 1306 1306 1390 magister
1325 1303 1378 1369 fuit

97 1407 147 1489 vir
169 1405 346 1493 sanguinis,
369 1413 606 1494 st'perpetuae
619 1407 861 1495 inquietudinis,
884 1428 949 1472 non
971 1406 1032 1471 fuit
1055 1405 1208 1472 sacerdos
1227 1407 1306 1492 Dei,
1329 1407 1379 1473 sed

28 1512 31 1517 ’
95 1509 285 1592 antichristi,
302 1510 350 1573 =in
373 1530 436 1597 quo
452 1509 591 1575 eundem
606 1512 737 1599 ipsimet
754 1506 829 1599 ¹ejus
846 1518 936 1575 actus
946 1508 1145 1597 judicarunt.
1168 1511 1255 1576 Nam
1278 1513 1378 1578 officia

95 1614 184 1680 illius
207 1621 239 1679 et
261 1612 446 1698 dignitates,
468 1636 586 1702 nempe
609 1614 834 1700 sacerdotium,
857 1614 1079 1700 magisterium
1109 1623 1142 1680 et
1174 1612 1377 1682 administra·

92 1727 165 1784 turra
187 1718 220 1782 in
243 1739 278 1782 se
300 1718 380 1804 ipsis
403 1716 489 1783 bona
503 1727 537 1784 et
551 1718 693 1798 ,honesta
714 1718 863 1805 fuerunt3
886 1727 1068 1785 actusvero
1091 1717 1240 1807 ejusdem
1255 1722 1378 1786 omnino

97 1821 231 1887 maliet
258 1821 416 1908 perversi,
446 1831 479 1886 et
506 1822 633 1890 abona
667 1823 754 1889 fama
786 1823 882 1910 longe
911 1822 1036 1906 remoti,
1050 1810 1100 1887 'et
1121 1821 1224 1889 alieni
1259 1825 1295 1891 in
1327 1825 1377 1890 illo

12 1913 15 1920 ⁴
97 1923 304 2014 apparebant.
333 1923 373 1988 In
394 1922 450 1990 illo
472 1924 613 2003 homine,
638 1928 785 1993 sitamen
799 1926 902 2007 homo
918 1924 984 1991 dici
1006 1933 1123 2012 potest,
1145 1925 1381 1994 adverebantur

92 2028 259 2095 mirabiles
279 2050 387 2114 nugae
417 2032 618 2108 temerariae,
652 2031 847 2116 frequentes,
871 2031 1063 2120 praesertim
1092 2031 1128 2093 in
1158 2031 1320 2117 ecelesiis,
1351 2035 1380 2097 in

93 2132 242 2199 ambonis
278 2140 333 2197 aut
369 2133 531 2222 cathedris
555 2120 797 2219 cavillationes,
831 2134 995 2201 scholares
1025 2141 1058 2197 et
1089 2132 1234 2219 pueriles
1256 2156 1378 2219 mores,

93 2236 330 2304 deliberatione
352 2235 516 2302 hominum
531 2237 727 2325 prudentum
743 2248 901 2322 carentes,
923 2259 1029 2303 vanae
1052 2237 1182 2324 saepius
1200 2246 1233 2303 et
1246 2238 1379 2305 infestae

97 2341 288 2424 calumniae,
321 2339 363 2407 ad
392 2339 533 2408 furorem
567 2351 599 2407 et
627 2345 850 2419 contentiones
891 2336 1075 2423 incitantes,
1121 2348 1154 2405 et
1181 2341 1288 2409 multa
1323 2343 1379 2408 alia

93 2447 217 2512 homini
237 2448 501 2512 inconvenientia
528 2446 641 2512 inille
674 2447 934 2530 inveniebantur,
971 2456 1004 2511 et
1032 2445 1088 2533 qui
1109 2447 1256 2512 maxima
1290 2468 1380 2512 cause

91 2550 179 2617 illius
201 2551 391 2640 adeptorum
419 2551 577 2618 honorum
599 2551 737 2636 fluerunt,
760 2552 808 2617 illi
829 2573 888 2639 pro
909 2547 1208 2641 beneficiiseidem
1230 2551 1378 2619 exhibitis

63 2659 65 2664 ’
99 2658 399 2745 compensationem
420 2655 539 2721 malam
575 2657 703 2745 experti
724 2656 854 2721 luerunt
888 2651 1037 2722 omnibus
1077 2652 1141 2719 illis
1172 2656 1377 2745 temporibus,

97 2763 206 2827 omnia
226 2760 312 2826 mala
332 2762 398 2827 imo
419 2762 563 2849 pessima
584 2758 708 2826 eisdem
731 2768 856 2848 optans,
892 2765 925 2826 et
946 2760 1118 2839 exhibens,
1155 2783 1222 2826 non
1244 2769 1283 2826 ut
1304 2759 1379 2827 chri·

96 2866 219 2931 stianus
241 2865 393 2931 sacerdos
429 2873 460 2929 et
480 2872 591 2951 pastor
624 2865 815 2948 animarum,
850 2864 908 2930 sed
932 2865 1017 2930 sicut
1037 2864 1102 2949 ille,
1137 2865 1210 2953 quis
1227 2887 1296 2931 non
1327 2884 1378 2952 per

92 2971 189 3036 fores·
202 2971 336 3037 Domini
359 2970 407 3036 sui
429 2970 465 3034 in
487 2967 572 3035 ovile
593 2969 736 3053 intravit,
758 2991 870 3034 verum
892 2991 951 3058 per
976 2970 1122 3043 foramen
1144 2969 1329 3036 antichristi
1349 2969 1378 3034 in

92 3073 204 3141 nidum
217 3098 320 3160 suum,
343 3096 440 3163 quem
460 3074 550 3162 prius
574 3071 722 3138 sordibus
738 3073 894 3161 implevit,
917 3073 1055 3162 irrepsit.
1078 3071 1178 3161 Apud
1200 3096 1276 3140 eum
1300 3074 1377 3140 enim

91 3203 156 3246 uno
177 3179 278 3247 verbo
300 3179 408 3246 nullus
430 3170 603 3245 laudabilis
625 3178 750 3262 modus,
772 3200 834 3244 nee
854 3186 944 3245 actus
965 3178 1035 3273 fuit
1058 3178 1122 3244 Hic
1144 3199 1244 3247 saeve
1268 3202 1376 3270 paoem

90 3307 156 3352 non
179 3293 303 3351 tantum
324 3285 460 3371 Pragae,
484 3282 542 3349 sed
563 3282 665 3348 ferme
686 3281 807 3371 ubique
837 3284 871 3348 in
892 3277 1051 3348 Bohen'ria
1073 3305 1148 3349 oum
1172 3282 1376 3373 coadjutori·

21 3372 24 3377 ¹
91 3389 152 3457 bue
176 3392 242 3456 suis
264 3388 442 3478 aequaliter
475 3386 653 3475 impedivit,
677 3387 847 3472 destruxit,
870 3396 903 3453 et
923 3386 1085 3476 unguibus
1109 3389 1204 3476 quasi
1226 3387 1377 3455 dilacera·

89 3495 148 3579 vit,
172 3503 204 3561 et
224 3506 287 3560 nec
307 3493 342 3559 in
365 3514 400 3558 se
422 3491 503 3558 illud
525 3515 646 3580 negare
667 3494 781 3581 potuit,
804 3491 927 3577 dicens,
957 3493 1045 3581 quod
1066 3514 1275 3581 nequequam
1296 3493 1376 3560 bene

92 3620 191 3687 agere
218 3601 329 3687 possit
372 3597 486 3663 Talem
518 3620 595 3685 ergo
623 3598 806 3683 Pragenses
840 3596 904 3663 sibi
936 3596 1172 3665 constituerant
1201 3607 1373 3685 pastorem,

90 3706 181 3793 cujus
202 3726 324 3792 pascua
346 3703 469 3770 eisdem
492 3702 763 3791 complacuerunt.
801 3701 867 3767 Sed
889 3702 961 3790 quis
984 3702 1131 3790 ejusdem
1151 3711 1244 3773 aetus
1268 3724 1374 3770 omnes

88 3831 238 3876 enarrare
259 3809 394 3898 posset?
426 3811 501 3877 Jam
530 3815 674 3875 revertar
702 3807 745 3873 ad
777 3805 925 3873 ordinem
961 3805 1208 3892 discordiarum,
1237 3829 1323 3896 quae
1342 3808 1374 3872 in

88 3915 150 3984 hae
169 3923 261 4005 parte
283 3913 516 3993 describentur.

637 4122 783 4191 CAPUT
804 4124 836 4188 3.

85 4259 125 4319 In
146 4276 205 4334 quo
226 4262 329 4336 agetur
351 4254 387 4315 de
410 4250 535 4314 comitiis
558 4271 576 4311 a
597 4270 668 4329 rege
701 4248 855 4324 institutis,
888 4247 1132 4327 convenientibus
1155 4249 1296 4311 omnibus
1320 4257 1376 4309 sta·

88 4345 177 4421 tibus,
198 4352 227 4405 et
240 4345 319 4424 quod
333 4361 403 4422 pars
416 4348 519 4401 nostra
540 4341 577 4398 de
591 4337 783 4416 compactatis
806 4353 894 4414 agere
917 4335 1072 4415 inceperit,
1093 4335 1146 4395 sed
1171 4336 1374 4400 confusionem

514 4434 671 4489 causantes
692 4425 766 4485 nihil
788 4423 949 4484 effecerint.

173 4559 260 4643 Quid
281 4579 359 4627 vero
381 4550 491 4622 rursus
513 4563 698 4647 altempore
728 4552 762 4619 S.
786 4551 973 4619 Wenceslai
995 4523 1160 4639 praeteriti
1182 4548 1280 4641 hujus
1302 4551 1373 4618 anni

89 4665 183 4750 1524,
202 4661 358 4752 usquead
369 4670 495 4748 tempus
509 4658 663 4748 paschale
681 4655 766 4726 1525
787 4654 916 4744 Pragae
936 4655 1116 4744 contigerit,
1136 4655 1221 4723 illud
1239 4679 1326 4725 nuno
1338 4677 1376 4722 ex

112 4772 194 4841 enen
207 4768 311 4860 justis
331 4765 546 4857 intermittere
575 4761 701 4848 debeo3
732 4780 813 4828 nam
830 4761 959 4829 interea
990 4781 1044 4829 res
1076 4759 1259 4832 abactam
1289 4769 1375 4832 note
