2946 5086
1166 188 1383 257 ⁰115·

12 379 121 424 onore
159 365 192 422 et
226 378 312 423 vana
333 356 446 441 laude,
477 359 645 446 cupientes
681 356 794 424 extolli
827 379 846 422 a
878 358 1030 444 gentibus
1056 361 1295 452 ¹circumjacen-

10 465 85 531 ibus
132 472 168 530 et
200 461 314 528 haberi
348 484 407 549 pro
424 476 428 483 “
443 463 529 528 veris
559 462 742 537 christianis
771 470 812 527 'et
854 471 990 529 sanctae
1017 465 1175 534 ecclesiae
1220 455 1315 541 filiis¹

10 571 133 658 loquor
145 619 155 654 ,
190 578 227 635 ut
247 589 300 634 res
323 566 506 656 spirituales
540 569 706 634 concernit
745 575 777 632 et
799 567 847 633 eis
869 566 1045 656 convenit),
1085 594 1168 661 quae
1189 556 1304 646 tam'en'

10 698 81 740 sera
98 682 137 740 et
158 673 253 739 ιὶιιιιι
274 673 355 739 fides
377 695 444 739 non
466 672 607 760 requirit.
640 671 705 738 -Ει
727 672 909 743 continetur
929 674 964 739 in
986 699 1079 746 sacra
1100 679 1172 745 Dei
1194 684 1299 773 scrip·

10 804 84 858 nra,
107 779 190 846 dum
212 778 308 844 bomo
332 777 510 861 secundum
531 778 596 844 Dei
617 778 816 846 voluntatem
837 781 920 846 vivit
955 792 1074 869 sancte,
1099 794 1131 852 et
1152 786 1313 872 honeste,-

10 911 143 955 servans
166 896 210 955 ·et
242 887 420 954 observans
442 886 595 952 mandata
615 878 691 969 Dei,
729 886 816 976 qnod
837 897 927 956 ectus
950 880 1055 958 illius·
1076 891 1214 960 eundern
1251 895 1300 963 di·
1333 958 1339 965 .

10 995 157 1082 vulgent,
191 993 354 1060 celebrem
389 991 537 1077 reddant,
561 999 594 1058 et
615 993 834 1059 testimonium
855 994 896 1061 de
918 995 974 1062 illo
992 995 1117 1083 ¹ubique
1146 999 1300 1085 tribuant,

10 1100 96 1164 illum
125 1120 198 1165 esse
220 1120 334 1164 verum
356 1097 577 1180 christianum,
601 1098 754 1163 etlilium
789 1121 887 1166 verae
925 1123 1063 1189 sponsae
1096 1100 1219 1167 Christi
1249 1124 1301 1168 ec·
1375 1109 1376 1112 ’

15 1203 139 1269 olesiae.
183 1201 248 1282 Qui
275 1210 382 1268 autem
414 1201 514 1267 fidem
544 1202 610 1267 Dei
642 1210 851 1270 verammon
872 1205 1025 1292 possidet,
1063 1205 1121 1272 sed
1142 1207 1177 1271 in
1198 1207 1300 1272 variis

18 1307 123 1373 mundi
154 1306 291 1391 deliciis,
312 1314 350 1371 'et
369 1306 415 1370 ita
436 1307 642 1373 inomnibus
666 1308 810 1394 corporis
833 1318 865 1375 et
887 1311 1014 1377 animae
1036 1310 1299 1390 malisversatcr,
1328 1392 1332 1401 ι

22 1412 100 1497 quod
133 1410 216 1491 haec
249 1412 314 1498 ipsi
344 1411 484 1476 fructum
505 1410 630 1476 nullum
659 1398 817 1496 adferant,
840 1417 987 1501 qvamvis
1010 1436 1121 1482 omnes
1143 1414 1301 1481 tubicines
1395 1418 1399 1427 '

21 1515 51 1578 in
76 1524 143 1581 toto
173 1513 294 1580 mundo
321 1536 395 1579 eum
418 1513 636 1601 divulgarent,
657 1514 749 1580 illum
772 1538 845 1582 esse
881 1540 995 1584 verum
1026 1519 1247 1602 christianum,
1269 1526 1307 1585 et·

25 1641 125 1685 omnes
146 1617 383 1707 populitalem
400 1640 471 1684 esse
494 1617 727 1707 profiterentur.
749 1621 841 1686 Deus
864 1623 950 1687 enim
972 1622 1186 1689 nonintuetur
1206 1621 1306 1689 talem

26 1725 125 1790 nundi
146 1723 272 1790 deliciis
294 1722 440 1789 inflatum
461 1724 635 1801 hominem,
659 1724 716 1792 sed
738 1724 846 1802 talem,
866 1728 921 1813 qui
954 1729 1101 1794 sincerae
1133 1725 1309 1812 religionis·
1382 1714 1386 1725 ¹

30 1838 75 1894 est.
119 1828 155 1894 Si
178 1849 257 1914 ergo
280 1838 416 1915 egerunt
438 1827 479 1893 de
512 1827 570 1893 tali
590 1827 843 1916 proclamatione
866 1831 967 1910 (sicut
994 1854 1060 1898 non
1095 1830 1232 1915 dubito),
1269 1839 1311 1896 ut·

32 1932 219 1999 solummodo
243 1954 357 2019 pacem
380 1930 594 2027 temporalem
617 1955 637 1997 a
659 1932 895 2007 detractoribus
918 1934 1039 2003 babere
1060 1939 1197 2025 possint,
1226 1947 1304 2005 tunc
1376 1970 1380 1977 ·

32 2033 98 2101 illud
131 2037 249 2104 stabile
283 2037 354 2122 erit,
377 2045 414 2102 nt
400 2035 515 2104 ttela
536 2058 736 2104 araneorum.
780 2037 835 2105 De
856 2037 973 2125 quibus
994 2040 1080 2109 infra
1100 2042 1193 2132 plura
1214 2043 1304 2111 audi·

35 2149 120 2207 entur.

568 2361 714 2435 CAPUT
734 2362 767 2429 5.

28 2545 131 2633 lnqne
152 2562 281 2630 notatur,
304 2557 383 2658 qnod
397 2548 490 2617 finitis
511 2558 560 2617 his
582 2558 708 2618 comitiis
730 2559 862 2618 solemne
885 2556 932 2617 Te
953 2556 1051 2619 Deum
1062 2559 1217 2621 laudamus
1228 2563 1303 2622 cele·

27 2633 139 2723 bratum,
163 2651 194 2702 et
214 2645 365 2721 campanis
388 2645 603 2723 compulsatum
614 2644 709 2707 fuerrt
731 2647 810 2705 Item
819 2645 965 2723 Princeps
978 2653 1008 2704 et
1028 2647 1168 2725 magister
1187 2644 1328 2709 Passsk'

21 2721 100 2790 fidem
130 2749 218 2807 suam
249 2749 348 2790 coram
393 2733 527 2792 omnibus
566 2731 693 2802 statibus
740 2731 879 2812 professi
905 2732 1021 2792 fuerint
1078 2735 1156 2794 Item
1188 2736 1306 2819 qualern

20 2819 117 2879 author
137 2818 226 2896 hujus
247 2817 319 2879 libri
340 2819 506 2879 discursum
528 2838 594 2879 oum
615 2822 743 2898 quodam
766 2822 919 2880 sacerdote
941 2819 1159 2884 Hradecensi
1150 2824 1304 2925 occasione
1337 2894 1340 2901 .

273 2937 274 2941 =
323 2905 437 2966 illius
457 2907 580 2967 Passek
613 2908 801 3005 professionis
823 2907 968 2972 habuerit
1072 2918 1097 2939 ”

97 3094 265 3167 Absolutis
300 3092 351 3159 his
388 3095 525 3160 comitiis
562 3102 663 3161 status
699 3044 936 3160 ecclesiasticus
968 3095 1125 3161 recedens
1158 3118 1200 3161 ex
1232 3118 1308 3163 arce

10 3198 189 3283 mandavit,
223 3205 259 3265 ιιι
286 3199 322 3263 in
355 3206 421 3266 tota
442 3199 573 3266 civitate
608 3199 766 3286 Pragensi
797 3197 965 3287 pulsentur
1000 3215 1183 3287 campanae
1217 3202 1306 3267 etin

10 3304 163 3370 ecclesiis
195 3300 244 3369 ΤΘ
280 3303 391 3369 Deum
427 3304 595 3370 laudamus
632 3303 831 3387 decantetur,
856 3301 950 3390 quod
969 3304 1060 3369 Deus
1095 3302 1245 3389 dignatus
1267 3306 1310 3371 sit

10 3405 85 3476 illos
122 3431 197 3474 cum
233 3417 325 3497 parte
347 3408 492 3474 Romane
513 3409 556 3474 ad
577 3408 733 3474 unitatem
754 3407 833 3474 fidei
854 3406 1048 3473 christianae
1070 3415 1113 3472 et
1134 3408 1310 3474 amicitiam

15 3513 206 3602 perducere.
249 3513 434 3602 Antequam
470 3522 578 3578 autem
600 3513 706 3579 adhuc
728 3514 793 3580 alia
815 3512 965 3598 scribam,
990 3532 1128 3598 sequens
1140 3534 1204 3578 non
1215 3535 1319 3601 prae·
1412 3553 1419 3569 ‚

14 3617 207 3684 tereundum
242 3626 299 3684 est
350 3618 439 3683 Dum
471 3619 506 3683 in
534 3617 585 3683 his
623 3618 760 3684 comitiis
797 3619 889 3686 veria
923 3618 1107 3702 aenigmata
1137 3617 1306 3684 occasione

18 3731 292 3814 compactatorum
314 3725 480 3811 proposita
500 3721 647 3808 brissent,
670 3733 738 3790 turn
758 3719 1186 3814 Princeps'praecedentem
1215 3746 1307 3790 sanc-

18 3838 83 3895 tum
106 3829 283 3911 doctorem,
308 3849 403 3915 quem
425 3827 559 3893 firmiter
582 3813 675 3915 sequi
696 3829 871 3917 inceperet,
893 3829 1068 3896 Martinam
1090 3847 1209 3916 nempe
1233 3828 1307 3895 Lut
1331 3908 1335 3921 1

19 3934 153 4020 therum,
176 3935 314 4023 turpiter
336 3932 530 4021 contempsit
551 3939 583 3999 et
605 3931 817 4021 despectuose
839 3935 880 4000 de
913 3934 969 4001 illo
1007 3944 1040 4001 et
1061 3933 1208 4023 ejusdem
1230 3933 1317 4021 dog·-

18 4048 98 4104 mate
120 4036 246 4105 locutus
267 4038 337 4122 fuit,
351 4036 456 4103 'simul
479 4037 575 4102 etiam
597 4037 695 4103 fidem
732 4061 823 4104 suam
855 4040 1035 4106 Romanam
1072 4049 1104 4106 et
1155 4038 1319 4127 papalem·

22 4168 126 4212 coram
160 4143 312 4211 omnibus
343 4141 376 4207 in
410 4140 549 4212 comitiis
586 4142 810 4230 praesentibus
843 4144 1009 4231 professus
1030 4144 1100 4210 fuit.
1143 4142 1241 4227 Ecce,
1265 4144 1318 4208 ·in·

22 4272 111 4339 quam
147 4258 274 4339 partem
308 4248 362 4314 bio
393 4247 489 4313 horno
527 4244 705 4332 deflexerit,
729 4250 986 4338 quamprimum
1009 4272 1051 4316 ex
1087 4248 1261 4335 Hungaris'
1283 4270 1320 4327 ,a-

23 4378 92 4444 roge
128 4357 230 4439 venit,
272 4346 332 4441 ¹qni
367 4354 455 4442 prius
491 4377 549 4442 pro
581 4353 724 4420 Luthero
743 4412 744 4417 ,
760 4364 897 4420 mortem
931 4353 1121 4438 subivisset3
1152 4353 1315 4440 magister,

24 4457 141 4527 Passelr
176 4460 274 4526 etiam
309 4459 377 4526 hac.
402 4461 456 4526 ria
470 4460 569 4526 illum
605 4468 743 4542 secutus,
767 4459 879 4526 eadem
903 4458 957 4525 die
993 4459 1119 4524 locutus
1150 4467 1200 4524 est
1221 4482 1319 4526 assu·-

23 4585 106 4633 mens
145 4587 329 4634 sermonem
352 4564 483 4649 Christi,
508 4587 604 4655 quem
624 4563 759 4654 protulit
793 4565 828 4629 in
851 4584 953 4630 coena
983 4561 1106 4648 {ultima
1140 4550 1308 4652 discipulis
1353 4548 1357 4557 ’
1404 4629 1407 4632 ⁴

24 4673 90 4754 suis,
124 4693 245 4761 nempe
278 4671 362 4761 quod
386 4672 548 4758 acceperit
570 4693 697 4759 panem,
720 4669 935 4752 benedixerit,
963 4666 1106 4754 fregerit,
1130 4690 1169 4734 ac
1197 4662 1303 4733 distri·

23 4773 119 4848 beent
152 4779 203 4847 eis
236 4774 366 4845 dicens:
390 4775 539 4863 Accipite
560 4783 593 4843 et
610 4773 838 4861 ·manduoate;
871 4772 935 4840 hoc
962 4778 1012 4839 est
1040 4785 1161 4861 corpus
1191 4784 1310 4860 meum,

1041 4875 1120 4946 1„
