2946 5086
1293 160 1296 168 ’
1326 169 1368 240 81

78 335 268 425 ¹dmiserunt,
303 338 363 406 sed
392 328 621 405 ‘administrare
655 359 748 403 sacra
777 338 990 421 admiserunt,
1028 337 1125 403 etiam
1147 339 1365 429 rebaptisare,

78 450 95 504 it
110 447 241 532 ipsimet
263 453 362 510 noctu
383 442 503 509 talibus
526 440 735 507 concionibus
768 441 991 522 interfuerunt.

142 549 245 634 Item,
281 550 347 615 Sua
368 548 523 635 Majestas
556 546 660 632 Regia
692 546 846 612 mandare
879 545 1012 633 dignata
1046 544 1125 629 fuit,
1163 546 1204 614 de
1238 570 1366 617 conser-

82 653 188 718 vatione
220 655 333 740 pacis,
367 650 560 717 concordiae
601 660 633 714 et
665 650 859 717 christianae
897 651 1073 734 charitatis,
1111 659 1147 717 ut
1169 674 1242 720 cum
1273 665 1366 742 parto

85 751 209 822 Romana
230 779 366 842 agamus
388 756 430 821 de
453 753 672 842 compactatis,
696 763 728 819 et
749 755 814 820 illis
837 757 1004 839 uniamur,
1028 753 1076 819 illi
1099 777 1176 822 vero
1201 780 1275 823 cum
1299 763 1366 828 suis

92 858 315 927 adhaerentibus
338 859 459 925 similia
490 857 742 945 impediverunt.

152 958 253 1050 ltem3
292 964 369 1029 dum
409 961 567 1049 agebatur
589 961 630 1027 de
666 962 869 1049 expositione
892 963 1039 1050 corporis
1063 961 1185 1029 Christi
1215 965 1249 1030 in
1272 988 1362 1031 mon·

93 1071 211 1152 strantia,
235 1078 303 1134 tum
325 1066 492 1133 irridendo
515 1066 688 1132 dixerunt:
710 1065 808 1149 Ecce,
826 1067 896 1153 jam
917 1065 1011 1133 nobis
1043 1066 1157 1132 Jesnm
1179 1068 1359 1135 absconde·

92 1184 154 1253 runt,
176 1197 272 1262 quem
294 1172 390 1238 modo
412 1169 648 1239 adorabimus?
669 1169 713 1234 Et
735 1169 815 1237 alios
836 1181 947 1260 turpes
971 1193 1135 1238 sermones
1166 1172 1315 1239 edebant.

611 1377 758 1444 CAPUT
780 1378 833 1444 30.

88 1484 189 1551 Finitur
208 1490 374 1570 propositio
396 1490 586 1550 articulorum
622 1508 640 1548 a
673 1487 845 1548 christianis
878 1487 1015 1557 fidelibus
1038 1495 1140 1547 contra
1172 1488 1360 1550 Pielshartas

153 1693 255 1761 Simul
278 1695 325 1759 ita
361 1702 393 1759 et
415 1692 550 1759 ulterius
588 1693 804 1779 scripserunt:
827 1690 916 1756 Dum
937 1690 1238 1777 Mimo-Pragenses
1265 1692 1355 1757 cives

76 1801 109 1858 et
130 1807 253 1863 senatus
287 1798 423 1870 consilia
445 1796 614 1863 nobiscum
637 1796 810 1877 iniverunt,
836 1795 913 1881 quid
936 1816 1010 1859 cum
1031 1792 1215 1859 hominibus
1238 1795 1357 1862 talibus
1459 1867 1462 1874 ,

75 1911 160 1983 agere
191 1900 342 1983 debeant,
380 1900 492 1988 quiin
515 1899 665 1964 convitiis
689 1906 721 1962 61
743 1896 905 1963 erroribus
927 1895 1117 1963 versantur?
1155 1896 1299 1964 dicentes
1323 1923 1358 1966 se

75 1993 112 2066 de
130 2003 174 2070 his
194 2006 266 2093 jam
299 2005 370 2090 regi
400 2005 592 2092 scripsisse,
614 2025 673 2067 nos
716 2024 802 2067 vero.
817 2003 863 2066 eis
885 2001 1122 2090 respondimus,
1146 2011 1178 2066 et
1199 2001 1260 2067 hoc
1283 2026 1381 2068 con·-

75 2104 168 2173 situm
189 2108 342 2180 dedimus
355 2155 365 2191 ,
389 2130 431 2173 ne
455 2126 528 2173 cum
552 2105 712 2172 similibus
735 2104 833 2170 rebus
856 2113 1042 2193 properent,
1075 2103 1134 2169 sed
1166 2126 1359 2194 responsum

75 2212 150 2296 regis
187 2210 434 2300 praestolentur,
459 2219 491 2276 et
515 2211 591 2276 dum
615 2210 649 2274 hi
671 2209 909 2294 discessissent,
933 2198 1009 2275 tunc
1031 2230 1114 2273 unus
1136 2206 1178 2272 (16
1214 2211 1358 2277 officiali·

74 2302 125 2377 bns
156 2316 253 2402 regiis
268 2314 319 2398 ¹ad
356 2322 503 2393 senatum
524 2316 651 2398 intrans
687 2317 837 2403 opposuit
872 2313 990 2382 nobis:
1027 2335 1084 2379 eur
1116 2311 1190 2379 illos
1228 2319 1354 2403 regium

74 2431 250 2505 responsum
288 2427 462 2506 expectare
494 2418 689 2504 jubeamus,
726 2418 813 2506 quod
836 2418 916 2484 haee
948 2417 1020 2484 fieri
1042 2438 1108 2484 non
1131 2415 1286 2506 debeant,
1326 2431 1359 2489 et

74 2521 148 2605 quod
176 2523 313 2612 perinde
349 2522 483 2611 quidam
505 2522 609 2590 honae
631 2524 747 2589 mentis
770 2523 838 2590 vita
872 2523 996 2610 privari
1029 2533 1148 2611 posset,
1171 2547 1237 2591 non
1268 2528 1357 2593 enim

74 2615 154 2710 hunc,
175 2629 260 2704 sieut
281 2626 389 2710 alium,
412 2648 524 2714 regem
547 2650 628 2712 esse,
641 2628 696 2715 qui
726 2649 761 2692 se
783 2629 890 2717 ipsum
911 2648 1025 2714 regere
1047 2631 1161 2715 nescit,
1185 2639 1217 2696 et
1240 2629 1352 2718 quales
1415 2653 1417 2657 ⁴

80 2729 136 2795 esse
156 2731 358 2797 consiliarios
382 2731 451 2819 ejus
474 2741 536 2798 etc.

147 2833 242 2916 Quod
265 2836 392 2900 arronei
415 2834 463 2900 illi
486 2834 633 2900 homines
657 2834 786 2924 saepius
809 2835 904 2903 nohis
925 2839 1040 2904 minati
1073 2838 1157 2924 sint,
1188 2839 1349 2905 dicentes:
1406 2830 1429 2867 ‘³

83 2929 289 3025 ldxperiemini
307 2937 392 3003 mala
408 2946 558 3003 secutura
580 2944 613 3001 et
634 2919 807 3023 antequam
829 2940 952 3028 aliquot
974 2942 1043 3028 dies
1065 2943 1119 3009 vel
1148 2947 1347 3033 septimanae

81 3043 291 3127 praeteribunt,
328 3043 484 3126 rescietis,
508 3040 587 3130 quid
622 3041 687 3108 fiet.
731 3043 878 3110 Tandem
912 3047 965 3111 die
987 3046 1083 3112 lunae
1105 3049 1180 3135 post
1202 3048 1235 3114 S.
1264 3050 1349 3114 Lau-

80 3149 155 3213 rentii
177 3148 265 3213 diem
303 3157 525 3220 convenerunt
546 3148 630 3211 inter
652 3168 686 3212 se
709 3149 743 3211 in
775 3170 873 3214 causa
901 3149 1230 3235 Micro-Pragensium
1261 3175 1353 3219 sena-

79 3253 160 3317 torum
171 3302 180 3338 ,
216 3251 382 3317 dicentes:
417 3249 515 3338 quod
534 3252 569 3315 in
602 3273 704 3337 parva
736 3262 827 3339 parte
849 3255 933 3318 inter
966 3253 1081 3319 fratres
1113 3255 1266 3321 tumultus
1300 3258 1351 3321 sit.

76 3342 169 3446 Ilaque
190 3359 277 3424 inter
300 3380 334 3422 se
356 3358 498 3422 invicem
519 3357 668 3421 notitiam
688 3356 831 3441 dabant,
853 3366 888 3422 ut
909 3358 1081 3444 invigilent
1115 3368 1147 3423 et
1178 3381 1213 3424 se
1246 3361 1352 3446 provi·

74 3449 165 3541 leant,
191 3462 278 3551 quod
313 3462 374 3527 hac
405 3462 506 3528 nocte
524 3462 656 3526 tentatio
679 3462 837 3549 quaedam
859 3464 1031 3547 exorietur,
1041 3463 1169 3551 quando
1184 3465 1348 3551 campanis

72 3567 240 3640 pulsabitur
263 3575 295 3631 et
316 3565 401 3631 tubis
434 3565 609 3650 inflabitur,
646 3566 752 3632 locum
788 3566 851 3633 sihi
872 3568 1137 3653 assignaverunt,
1159 3566 1215 3632 ubi
1238 3590 1350 3633 eonve-

72 3667 128 3737 rire
163 3682 196 3736 et
228 3672 370 3735 invicem
398 3669 545 3735 invenire
567 3680 709 3757 possent,
733 3673 862 3758 signum
883 3672 1093 3755 insinuantes,
1117 3680 1149 3737 et
1179 3681 1215 3736 ut
1237 3672 1347 3736 lumen

72 3787 94 3836 a
129 3775 280 3842 domibus
302 3783 476 3863 procurent
495 3775 621 3840 haberi.
666 3774 768 3840 Nobis
802 3784 924 3860 autem,
962 3777 1017 3864 qui
1052 3776 1129 3842 fidei
1165 3775 1349 3842 vetustioris

71 3868 185 3964 bimus,
208 3880 289 3946 nihil
311 3881 565 3963 insinuaverunt,
588 3902 649 3945 nec
670 3880 859 3966 periculum,
882 3904 986 3967 neque
1009 3883 1146 3967 signum,
1168 3880 1348 3979 neclocum

71 3985 290 4069 odieaverunr,
326 3985 382 4051 ubi
414 3987 587 4052 convenire
624 3984 815 4070 debeamus,
838 3988 955 4052 verum
980 3985 1029 4051 illi
1061 4009 1216 4073 personas
1254 4009 1347 4074 quas·

71 4077 132 4157 lam
168 4091 210 4156 de
245 4099 340 4160 nocte
372 4091 406 4156 in
443 4092 565 4156 curiam
601 4092 801 4174 citaverunt,
824 4091 880 4157 ubi
904 4091 1034 4180 quidam
1055 4093 1170 4157 armati
1202 4092 1345 4157 invenie·

71 4204 196 4279 tantur,
234 4218 273 4260 66
295 4195 426 4260 domum
448 4197 572 4261 reversi
610 4196 762 4262 dixerunt
784 4219 819 4262 se
842 4219 915 4261 esse
936 4195 1091 4285 proditos,
1115 4203 1146 4261 et
1167 4195 1253 4282 quod
1283 4196 1344 4261 hac

71 4309 155 4366 rorte
191 4299 293 4365 multa
314 4297 401 4365 bona
421 4299 492 4365 fieri
515 4300 693 4367 debuerint.
736 4302 801 4366 Die
836 4301 948 4366 martis
969 4321 1046 4367 vero
1070 4298 1200 4387 quidam
1223 4299 1264 4364 de
1293 4299 1344 4366 his

70 4413 153 4484 &xtra
180 4405 320 4492 Pragam
342 4414 564 4493 perrexerunt,
603 4415 634 4472 et
671 4408 725 4493 qui
748 4405 789 4470 ad
813 4413 960 4470 senatum
995 4403 1204 4486 advenerunt,
1237 4403 1346 4470 locum

70 4503 109 4575 bi
128 4533 194 4578 non
215 4509 382 4596 habentes,
417 4534 434 4577 e
471 4521 584 4579 senatu
613 4519 834 4596 recesserunt3
868 4529 950 4597 quae
972 4516 1079 4574 autem
1113 4510 1149 4573 in
1170 4510 1224 4574 via
1246 4508 1346 4575 locuti

70 4604 186 4701 luerint,
223 4614 301 4681 dum
322 4616 478 4682 inarmis
514 4616 569 4683 vel
590 4615 691 4682 lorica
712 4621 949 4705 processerunt,
972 4611 1029 4678 illa
1051 4614 1086 4678 in
1108 4613 1203 4680 dictis
1235 4634 1348 4680 servo·

70 4735 131 4788 tum
152 4719 373 4805 continentis,
392 4731 478 4810 quod
499 4743 618 4809 nempe
638 4720 693 4788 hic
713 4722 769 4790 vel
788 4720 869 4788 alter
891 4717 1020 4805 dixerit,
1052 4718 1139 4809 quod
1159 4719 1262 4788 nostri
1284 4729 1345 4786 tar·
