2946 5086
137 150 259 223 148.

133 347 195 389 nec
218 322 400 409 opiscopus,
424 341 485 386 nec
506 322 690 408 imperator,
713 340 775 383 nec
796 340 866 402 rex,
889 319 955 384 imo
978 318 1100 402 dubito,
1124 321 1214 406 quin,
1230 323 1421 408 mmagister

134 427 238 509 Galle,
263 448 336 491 cum
360 426 488 521 clericis
510 427 574 491 tuis
597 422 638 488 de
661 445 699 488 ea
720 446 825 511 pauca
847 424 1043 512 possideatis
1078 432 1110 489 et
1132 427 1283 512 quamvis
1300 427 1418 514 jactan-
1462 434 1465 487 ξ

132 532 177 596 tia
189 530 309 596 Vestra
330 530 479 596 audiatur
501 550 521 593 a
541 527 644 593 Vobis
668 526 787 591 multos
809 526 851 591 ad
872 527 971 594 fidem
992 528 1093 594 fuisse
1115 537 1260 612 coactos,
1283 528 1342 594 illa
1364 552 1422 594 au-

134 644 198 699 tem
211 656 277 700 non
289 633 363 717 Dei,
388 634 445 699 sed
468 634 588 699 Vestra
609 632 691 698 haec
713 640 763 697 est
783 631 875 715 fides,
897 642 1016 711 metuo,
1046 633 1300 701 neconcordent
1315 633 1424 700 Vobis·

134 760 206 803 cum
228 736 328 803 verba
350 736 472 803 Christi
483 737 614 802 Domini
642 739 675 801 in
698 744 789 800 textu
812 735 844 801 S.
857 735 999 803 Mathaei
1029 759 1099 824 cap.
1127 739 1192 804 23:
1218 737 1310 822 ,Vae
1331 737 1424 804 Vobis

137 841 282 927 magistri
327 850 359 906 et
391 842 501 927 legum
533 845 743 906 instructores
774 840 971 926 hypocritae,
1006 843 1062 930 qui
1098 844 1277 907 circumitis
1312 851 1423 908 terram

136 968 298 1034 mareque,
332 955 367 1011 ut
388 969 488 1010 unum
512 945 661 1010 efficiatis
683 966 804 1009 novum
826 943 1021 1027 credentem,
1056 957 1088 1012 et
1110 945 1188 1011 dum
1211 946 1267 1015 hic
1298 948 1423 1013 effeetus

136 1051 242 1133 fuerit,
266 1049 414 1132 eundem,
437 1059 472 1114 ut
492 1049 578 1113 filius
602 1047 816 1113 damnationis
840 1050 891 1129 sit,
914 1049 1109 1135 perducetis.
1133 1050 1323 1134 Vaovobis,
1339 1052 1422 1116 coeci

135 1155 244 1232 duces,
288 1163 365 1241 quot
395 1155 518 1218 animas
542 1153 698 1217 humanas
722 1151 876 1216 seducitis
909 1154 944 1217 in
978 1176 1113 1238 errores,
1156 1154 1323 1238 haereses,
1360 1155 1424 1220 ido·

135 1261 256 1342 latrias,
280 1270 312 1324 et
334 1259 464 1324 tandem
488 1260 521 1322 in
545 1257 795 1339 damnationem,
829 1255 906 1323 dum
927 1267 1038 1324 contra
1060 1258 1255 1346 scripturam
1292 1281 1421 1343 sacram,

137 1373 248 1429 contra
269 1364 375 1449 legem
398 1363 473 1444 Dei,
508 1371 620 1427 contra
648 1365 807 1427 intentum
830 1359 952 1428 Christi
974 1364 1117 1441 Domini,
1154 1371 1186 1428 et
1216 1372 1332 1428 contra
1352 1386 1423 1451 pro·

140 1470 244 1556 priam
279 1468 510 1533 conscientiam
546 1489 635 1532 suam
668 1454 808 1555 populus
830 1467 923 1534 vobis
946 1454 1079 1534 credere
1101 1466 1210 1549 debet,
1243 1477 1342 1555 prout
1368 1489 1421 1532 vos

143 1575 206 1660 ipsi
228 1572 349 1656 vultis3
384 1594 479 1637 omne
503 1574 607 1661 enim,
633 1572 720 1659 quod
754 1573 796 1639 de
816 1573 882 1639 fide
903 1583 1050 1657 nonest,
1072 1582 1244 1661 peceatum
1268 1581 1325 1640 est
1360 1571 1421 1636 Vae

139 1676 243 1743 Vobis
277 1679 426 1762 magistri
460 1686 492 1742 et
514 1675 623 1763 legum
644 1678 864 1760 instructoreS,
898 1677 1097 1767 hypocritae,
1125 1674 1181 1764 qui
1204 1699 1344 1762 regnum
1365 1674 1421 1741 Dei

139 1783 308 1851 occluditis
320 1784 450 1870 populo,
475 1794 507 1849 et
522 1806 585 1871 quo
598 1785 810 1872 ipsimet'non
820 1785 959 1864 intratis,
983 1782 1075 1865 alios,
1088 1782 1144 1870 qui
1156 1782 1281 1846 intrare
1300 1780 1422 1861 vellent,

136 1913 174 1955 eo
197 1891 370 1977 pervenire
393 1911 459 1954 non
483 1889 682 1954 admittitis.“
706 1889 781 1954 Jam
803 1890 887 1955 ultra
909 1910 1029 1953 annum
1053 1883 1230 1953 secundum
1254 1884 1353 1951 fidem
1376 1885 1422 1950 do·

137 1997 226 2078 cetis,
248 1994 468 2082 populumque
490 1994 536 2059 ita
558 1993 784 2078 conturbastis,
809 1995 895 2082 quod
917 1995 1056 2080 ignoret,
1081 2012 1163 2078 quae
1187 2011 1288 2076 agere
1304 1988 1421 2070 debeat,

136 2098 253 2165 Vestro
277 2098 427 2185 dogmate
449 2097 531 2162 falso
555 2098 681 2163 ductus.
715 2099 812 2165 Anno
837 2097 1046 2187 praecedenti
1067 2092 1284 2183 praedicastis
1319 2103 1419 2160 eontra

135 2225 265 2290 papam,
284 2202 526 2279 Antichristum,
550 2202 706 2288 belluam;
731 2227 816 2276 anno
830 2211 1002 2292 praesente
1024 2221 1102 2267 vero
1115 2198 1194 2264 estis
1205 2196 1267 2263 filii
1283 2197 1417 2286 ejusdem

139 2306 336 2390 charissimi,
358 2305 538 2371 membrum
560 2253 780 2373 membrdrum
803 2311 882 2396 ejus.
918 2309 1014 2374 Nunc
1036 2303 1150 2370 forte
1135 2324 1206 2390 Jam
1229 2301 1354 2367 calcem
1376 2323 1419 2389 pe·

139 2410 216 2476 dum
250 2411 396 2499 ejusdem
429 2411 618 2476 oscularetis
651 2412 692 2479 ob
724 2413 935 2513 temporalem
966 2407 1188 2501 praebendam
1228 2414 1262 2471 et
1306 2405 1421 2471 laudem

135 2515 356 2581 mundanam
348 2566 356 2601 ,
381 2503 466 2603 quod
490 2515 621 2603 quidem
635 2516 737 2583 Vobis
752 2518 833 2584 vitio
856 2516 1047 2589 vertendum
1058 2520 1196 2596 nonest,
1219 2533 1333 2577 omnes
1348 2500 1421 2578 enin

136 2621 204 2686 nati
227 2620 304 2684 estis
328 2643 371 2685 ex
395 2619 509 2685 eodem
533 2619 601 2707 lupi
623 2619 710 2686 nido.

223 2723 293 2789 lmo
327 2722 409 2789 illud
446 2722 583 2810 quilibet
615 2723 875 2812 simplicissimus
902 2724 989 2790 clare
1011 2692 1182 2808 intelliget,
1220 2744 1281 2788 cur
1312 2721 1420 2786 Pilatus

137 2850 211 2894 cum
233 2827 367 2892 Herode
389 2827 624 2893 familiarest
592 2838 624 2892 et
647 2830 745 2893 amici
766 2829 844 2894 facti
880 2831 963 2894 sint·
956 2879 963 2914 ,
999 2829 1117 2916 primo,
1140 2835 1177 2891 ut
1208 2828 1331 2892 veritas
1363 2827 1420 2940 ejus

138 2934 375 3021 supprimatur;
408 2932 561 3016 secundo,
605 2934 682 3019 quia
716 2932 865 2997 dominus
890 2932 1004 2999 Gallus
1040 2954 1114 2997 cum
1136 2929 1334 3018 quibusdam
1366 2926 1420 2992 suis

137 3037 244 3103 coecis
277 3035 431 3124 praelatis
468 3038 592 3124 appetit
615 3037 818 3102 honestatem
841 3045 874 3101 et
896 3028 1028 3101 laudem
1059 3033 1310 3122 hujusmundi,
1342 3050 1421 3121 praa·

136 3141 261 3207 bendas
285 3141 412 3225 divites,
437 3141 562 3206 culinas
586 3140 733 3225 refertas,
756 3164 888 3206 mensas
912 3140 1059 3231 oppletas
1089 3148 1121 3204 et
1152 3139 1255 3204 vitam
1288 3137 1422 3223 volupta-

138 3247 225 3311 tibus
259 3245 399 3332 plenam,
423 3245 562 3331 ideoque
592 3245 739 3327 Romam,
777 3254 812 3309 ut
835 3267 962 3327 cancer,
995 3242 1212 3311 retroceditis,
1234 3265 1309 3311 cum
1342 3248 1422 3329 patre

140 3373 237 3417 coeco
262 3359 294 3415 et
315 3348 462 3436 ejusdem
486 3349 647 3434 episcopis
670 3371 769 3413 unum
793 3349 900 3413 effecti
923 3349 1010 3413 estis.
1047 3348 1119 3433 Ego
1148 3370 1234 3413 ,vero
1256 3347 1419 3413 veritatem

138 3454 240 3521 Vobis
264 3463 386 3518 rectam
409 3453 537 3517 insinuo
572 3463 604 3517 et
638 3452 721 3537 dico,
760 3453 825 3519 Vos
856 3474 1021 3540 nunquam
1048 3450 1132 3516 illud
1161 3452 1375 3539 acquisituros
1395 3454 1423 3513 et

141 3571 363 3644 attentaturos,
386 3560 469 3647 quod
495 3559 659 3648 quaeritis,
684 3557 742 3622 sed
757 3559 842 3621 intra
853 3566 980 3643 tempus
994 3556 1148 3641 exiguum
1163 3546 1424 3621 omnibus'odiosi

141 3666 337 3748 efficiemini,
363 3675 394 3730 et
416 3688 475 3752 pro
492 3663 708 3752 proditoribus
731 3661 797 3726 Dei
818 3684 876 3727 vos
899 3659 1125 3744 aestimabunt,
1149 3682 1188 3725 ac
1206 3671 1272 3725 tam
1283 3655 1424 3735 Romani,

140 3795 236 3860 quam
258 3771 314 3837 alii
335 3769 448 3835 fideles
480 3769 582 3834 Vobis
615 3766 713 3831 fidem
749 3789 815 3830 non
837 3765 1047 3842 adhibebunt,
1084 3787 1124 3829 ac
1161 3763 1295 3829 tandem
1317 3763 1425 3829 Vestra

140 3878 248 3944 omnia
270 3875 354 3940 male
378 3884 410 3938 et
431 3874 648 3963 ignominiose
671 3870 896 3953 terminabitis,
935 3871 961 3935 si
998 3869 1092 3936 vobis
1128 3871 1335 3957 intempore
1366 3887 1425 3930 non

143 3981 368 4049 consulueritis
391 3980 577 4045 reversione
600 3977 643 4042 ad
665 3977 773 4042 Deum
808 3985 840 4040 et
862 3975 1031 4041 veritatem
1056 3977 1136 4063 ejus.
1160 3973 1302 4057 Quaeso,
1325 3993 1427 4038 recor-

142 4088 263 4153 demini
293 4085 581 4174 praedecessorum
605 4082 724 4147 Hilarii
746 4080 988 4167 Kiihanovsky',
1025 4078 1154 4161 Souka,
1176 4077 1378 4165 Rokyczani,
1400 4080 1429 4138 et

142 4193 283 4279 plurium
307 4190 452 4272 aliorum,
477 4190 532 4275 qui
556 4187 673 4255 similia
695 4186 910 4272 appetierunt,
934 4187 1018 4249 sicut
1040 4183 1118 4267 Vos,
1141 4181 1183 4246 ad
1206 4204 1292 4269 quae
1321 4201 1428 4269 perve-

141 4297 258 4379 nerint,
298 4306 328 4361 et
365 4295 493 4381 qualem
515 4294 615 4358 finem
638 4290 747 4378 adepti
770 4290 909 4375 fuerint3
948 4287 1096 4354 omnihus
1118 4295 1231 4352 notum
1251 4281 1428 4379 est-quod

143 4399 229 4464 idern
253 4408 284 4477 ot
305 4401 399 4467 vobis
422 4400 602 4518 continget..
631 4396 722 4462 Bene
743 4393 846 4460 Vobis
868 4393 951 4458 haec
972 4401 1091 4458 notate.
1115 4389 1325 4478 Opposuistis
1348 4388 1427 4454 enim

142 4527 200 4569 vos
222 4503 364 4571 Domino
388 4506 514 4570 Deo
482 4514 514 4569 e
535 4505 638 4569 verita
640 4504 665 4567 ti
688 4502 767 4588 ejus,
791 4497 987 4587 opposuistis
1010 4498 1076 4563 Vos
1098 4495 1298 4561 fidelibuset
1323 4494 1428 4560 electis

146 4610 278 4696 ojrm,e
281 4611 441 4694 togistis
463 4631 522 4696 pro
545 4606 708 4672 Vestrot
706 4615 798 4669 ιιιιιιο
834 4604 964 4668 interitu
1003 4613 1035 4668 et
1066 4600 1216 4701 proxima
1251 4599 1428 4687 perditione

144 4713 224 4778 Vest
213 4722 279 4803 traJ
302 4710 384 4780 haec
407 4734 493 4778 urano
517 4720 566 4776 est
553 4710 643 4777 ttul
622 4721 699 4774 trma
715 4707 796 4775 Vest
783 4718 832 4774 tra
855 4685 991 4776 victoria
1014 4705 1151 4795 papalis,
1185 4703 1381 4794 episcopalis
1402 4708 1430 4767 et
