2946 5086
1272 193 1337 260 aot

55 362 199 430 solertiis
220 371 255 430 et
275 366 516 434 inventionibus
531 367 698 435 hominum
720 368 790 435 sine
811 366 877 434 fide
893 367 993 455 digno
1007 356 1201 434 testimonio.
1226 365 1345 432 Verum

50 467 122 554 jam
146 466 248 534 Vobis
279 469 505 538 sacerdotibus.
534 473 641 539 dicam
672 468 916 559 miranovalia,
938 459 997 539 sed
1016 480 1134 555 metuo,
1167 472 1222 559 qui
1243 460 1346 534 Vobis
1429 500 1432 505 ·

56 583 152 660 grata
174 583 207 640 ot
227 584 363 663 accepta
383 597 449 642 non
471 585 566 643 erunt
587 577 675 661 solis,
707 575 858 643 fidelibus
879 598 959 642 vero
990 584 1022 642 et
1045 576 1160 642 electis
1183 583 1216 641 et
1237 573 1344 641 solati·

58 700 139 745 osa:
162 679 259 760 Quod
280 687 396 769 nempe
417 682 578 748 Dominus
589 683 681 749 Deus
703 678 886 749 misericors
903 682 974 769 jam
997 680 1093 770 paulo
1114 689 1190 769 post
1210 679 1350 777 dimittet

55 793 92 850 et
114 784 232 851 educet
253 786 407 875 populum
420 809 523 871 *suum
546 808 588 854 ex
603 788 789 877 captivitate
803 786 1014 875 Babylonica,
1036 807 1155 874 nempe
1179 807 1222 851 ex
1243 794 1348 874 potss-

58 899 127 957 tate
147 890 296 958 Romana
317 884 508 960 Antichristi
529 894 631 980 patris
652 892 771 975 Vestri,
800 915 876 959 nam
903 914 945 958 ex
978 892 1079 959 donc!
1095 899 1128 956 ct
1158 886 1349 978 gratis-Dei

52 995 128 1084 jam
149 995 251 1064 forme
273 997 394 1086 ubique
414 1001 450 1065 in
472 1007 549 1066 tota¹
561 999 812 1077 christianitate,
833 998 989 1066 interris
1011 1005 1043 1063 et
1062 994 1254 1085 regionibus
1277 1016 1347 1061 cor·

58 1105 222 1193 rumpitur
243 1111 276 1170 et
297 1104 472 1171 destruitur
503 1105 648 1193 potentia
680 1106 751 1193 ejus
771 1105 893 1193 injusta
926 1113 959 1170 et
978 1103 1077 1190 fulsa3
1109 1124 1185 1170 nam
1217 1100 1349 1168 tandem

58 1213 200 1299 populus
224 1208 394 1276 adducitur
415 1232 454 1275 ac
477 1217 625 1276 movetur
645 1207 690 1275 ad
710 1208 906 1296 agnitionem
928 1209 1085 1292 veritatis,
1113 1209 1201 1292 fidei,
1225 1209 1295 1298 spei
1317 1217 1350 1274 et

59 1316 206 1382 caritatis
242 1337 301 1403 per
333 1313 504 1382 lectionem
535 1315 721 1380 testamenti
741 1311 822 1381 Jesu
845 1308 976 1397 Christi,
1007 1314 1042 1380 in
1075 1335 1137 1403 quo
1165 1318 1214 1380 est
1241 1302 1296 1381 vis¹
1315 1322 1349 1380 st

58 1422 207 1510 potentia
237 1419 422 1509 prosalute
443 1422 586 1487 omnium
608 1420 774 1512 fidelium-3
799 1422 870 1509 jam
906 1423 1085 1490 adveniunt
1105 1422 1147 1488 ab
1170 1423 1294 1488 oriente
1316 1431 1350 1488 et

60 1548 181 1613 occasu
203 1524 280 1604 solis
301 1525 344 1592 ad
371 1527 540 1593 veritatem
563 1522 685 1594 Christi
706 1524 857 1612 Domini3
888 1529 985 1594 etiam
1009 1527 1083 1615 -ja'm
1104 1527 1239 1595 retrahit
1259 1528 1349 1592 Deus

59 1653 199 1718 regnum
222 1653 316 1696 suum
339 1654 381 1698 ex
402 1639 561 1720 potestate
582 1618 737 1698 falsorum
757 1632 984 1721 prophetarum
1008 1640 1040 1699 e't
1061 1624 1296 1721 magistrorum,
1319 1640 1351 1699 et

59 1735 162 1804 tradit
182 1735 264 1803 illud
284 1735 357 1803 aliis
378 1736 529 1803 fidelibus
561 1737 637 1821 suis,
669 1723 725 1825 qui
748 1736 854 1803 eidem
886 1737 1026 1805 fructum
1047 1737 1207 1817 adferunt,
1236 1737 1350 1829 adimit

61 1843 162 1909 etiam
172 1841 332 1906 Dominus
356 1852 388 1906 et
408 1850 507 1929 pater
522 1841 661 1906 familias
683 1841 812 1907 vineam
835 1864 926 1908 suam
938 1864 980 1909 ex
1000 1851 1158 1931 potestate
1179 1843 1351 1931 impiorum

61 1954 95 2012 et
115 1945 309 2033 injustorum
331 1947 517 2032 vinitorum,
533 1956 573 2013 'et
594 1945 692 2014 tradit
724 1939 814 2015 illam
836 1946 909 2015 aliis
942 1947 1135 2026 vinitoribus
1166 1947 1274 2017 fidelis
1296 1969 1351 2036 po·

59 2048 132 2143 pun
156 2050 231 2120 wi·-
776 2072 782 2081 ·’
942 2071 945 2074 ’

628 2216 774 2328 carus
795 2262 828 2328 s.

54 2453 138 2516 Item
169 2454 383 2523 continuantur
421 2455 528 2516 literae
564 2412 666 2517 fratris
695 2457 838 2518 Mathiae.
881 2457 958 2521 Item
989 2458 1026 2518 de
1048 2459 1190 2535 vquodam
1220 2459 1349 2522 Nicolao

474 2543 642 2621 Wietenai,
666 2552 696 2605 et
718 2542 810 2606 Olera
831 2543 934 2607 vidua.
1174 2570 1177 2579 ·

145 2690 285 2761 Domum
302 2693 415 2780 judico
428 2696 503 2784 jam
524 2693 660 2762 forsitan
672 2695 738 2763 Vos
762 2696 845 2763 seire
868 2694 909 2762 d'e
931 2695 991 2781 his,
1006 2781 1008 2785 .
1024 2698 1111 2785 quod
1135 2684 1232 2787 pater
1242 2704 1352 2765 ve‘ster
1390 2703 1395 2714 '

57 2804 94 2864 et
115 2784 420 2886 caputAntiehrieti
440 2801 551 2884 ruerit,
574 2809 607 2865 et
627 2801 744 2884 victus,
768 2823 812 2868 cx
827 2800 1010 2885 fidecredo,
1034 2803 1121 2889 quod
1143 2804 1240 2870 etiam
1262 2802 1352 2868 anni·

56 2904 217 2972 hilabitur
237 2930 304 2975 una
337 2930 411 2977 cum
445 2907 528 2975 falsa
560 2931 618 2974 sua
650 2911 805 2997 potentia.
848 2910 892 2976 Et
912 2932 1028 2998 precor
1049 2908 1127 2992 Vos,
1158 2907 1256 2974 dicite
1277 2894 1354 2974 mihi

57 3010 343 3100 etiamqusedam
364 3011 408 3079 de
441 3013 497 3080 illo
521 3013 763 3103 archiepiscopo
792 3014 992 3103 Hungarico,
1025 3036 1085 3104 per¹
1115 3035 1211 3101 quem
1242 3020 1274 3078 et
1294 3034 1355 3101 per

57 3110 131 3189 Vos
143 3117 304 3203 praelatos
316 3117 496 3204 Pragenses
509 3117 571 3184 hae
583 3118 765 3185 discordiae
777 3127 810 3185 et
823 3120 1015 3187 tentationes
1036 3117 1200 3184 violentae
1223 3124 1355 3183 exortae

57 3221 202 3296 fuerunt,
241 3220 303 3288 Ille
325 3223 411 3289 enim
434 3231 484 3290 est
504 3222 612 3290 vester
634 3223 702 3289 dux
724 3232 756 3289 et
777 3222 918 3293 director
937 3224 1048 3308 falsus,
1071 3225 1125 3289 oui
1146 3222 1213 3290 Vos
1237 3218 1354 3309 adjun-

58 3325 169 3410 xistis,
202 3326 348 3414 nuuquid
369 3328 426 3394 ille
447 3327 590 3417 prodidit
617 3320 722 3415 primo
743 3339 855 3414 rege'm
877 3338 909 3394 et
930 3328 1094 3396 dominum
1117 3349 1220 3405 suum,
1253 3333 1355 3392 totum

59 3428 254 3516 Huugariae
276 3454 413 3520 regnum
436 3442 468 3499 et
488 3430 556 3500 Vos
579 3431 725 3522 ejusdem
747 3431 849 3516 filios,
881 3439 976 3520 prout
1006 3432 1127 3522 ubique
1159 3428 1201 3525 de
1223 3429 1280 3497 illo
1301 3426 1356 3496 hic

59 3556 173 3601 rumor
194 3535 378 3624 divulgatus
407 3537 543 3605 auditur.
588 3524 809 3620 Considerate,
838 3537 873 3602 in
896 3535 979 3626 quae
1000 3537 1068 3605 Vos
1090 3535 1278 3626 perduxerit
1298 3542 1355 3603 ne'·

61 3661 160 3727 quam
182 3641 336 3728 proditor,
370 3649 404 3708 et
425 3663 488 3730 quo
510 3644 704 3730 pervenerit.
749 3640 891 3730 Ideoque
924 3642 1062 3709 scientes
1094 3642 1192 3725 baec,
1223 3634 1356 3707 credere

61 3751 96 3807 et
117 3743 302 3830 intelligere
325 3754 459 3833 oportet,
483 3745 568 3833 quod
585 3747 656 3834 ja'm
676 3768 738 3813 rex
752 3742 865 3833 regum
878 3751 911 3811 et
931 3745 1093 3823 Dominus
1108 3745 1355 3814 Domiuantium

61 3840 156 3929 Deus
180 3850 384 3939 omnipotens
406 3849 496 3935 nolit,
531 3872 637 3939 neque
658 3852 762 3939 possit
784 3851 903 3917 diutius
927 3850 1061 3916 sufferre
1084 3859 1116 3917 et
1149 3849 1286 3916 tolerare
1307 3848 1355 3913 in·

60 3951 261 4037 fidelitatem,
296 3956 504 4045 impietatem,
537 3956 708 4044 nequitias,
741 3956 918 4045 injustitias
948 3963 981 4022 et
1000 3964 1134 4047 peccata
1166 3948 1357 4022 sodomitica

61 4055 104 4123 ab
126 4055 329 4126 Antichristo
353 4067 385 4125 et
405 4059 481 4126 filiis
504 4059 873 4149 ejusdem-praesertim
896 4059 1155 4127 seductioneset
1169 4059 1355 4149 aversiones

62 4161 205 4249 mandes
238 4165 335 4230 totius
368 4163 481 4253 populi
512 4164 679 4232 christiani
700 4187 720 4230 a
741 4156 806 4232 fide
835 4175 867 4231 et
899 4166 1035 4233 veritato
1069 4161 1193 4260 Christi
1222 4152 1357 4231 deini

61 4267 201 4356 amplius
223 4288 288 4334 uon
310 4268 462 4335 tolerabit
475 4270 566 4336 Deus
585 4269 779 4354 misericors,
797 4271 848 4335 ita
869 4270 967 4338 credo
992 4276 1123 4336 sanctas
1141 4268 1211 4355 ejus
1223 4270 1355 4354 gratiae.

60 4372 191 4456 Pmcor,
225 4380 376 4440 revocate
398 4373 500 4440 Vobis
523 4374 557 4438 in
587 4374 774 4439 memoriam
803 4374 877 4458 illa,
902 4398 984 4464 quae
1006 4364 1108 4442 Vobis
1129 4372 1260 4440 volente
1282 4374 1357 4440 Deo

63 4478 192 4565 scripsi,
216 4479 303 4565 quod
324 4479 406 4545 haec
428 4479 546 4545 Vestra
567 4478 679 4546 ultima
701 4479 743 4545 sit
764 4477 901 4551 victoria
934 4480 1069 4570 papahs,
1104 4476 1297 4566 episcopalis
1318 4498 1357 4544 ae

62 4580 285 4667 sacerdotalis,
321 4593 353 4648 et
375 4583 461 4670 quod
482 4593 548 4650 tam
571 4583 745 4650 crudeliter
775 4593 805 4648 et
828 4605 925 4650 coece
956 4584 1223 4652 consurrexeritis
1246 4593 1358 4650 contra

58 4688 173 4775 Deum
196 4695 230 4752 et
251 4688 420 4754 veritatem
443 4691 513 4777 ejus
535 4697 610 4755 ante
632 4688 783 4755 Vestram
805 4687 944 4756 subitam
966 4680 1102 4776 ruinam,
1125 4699 1158 4756 et
1186 4689 1278 4758 brevi
1308 4694 1359 4756 sofr

61 4800 220 4884 quantem
242 4792 505 4880 destructionem,
528 4803 625 4883 atque
648 4793 757 4864 tenete
777 4792 839 4887 hoc
861 4795 1078 4887 qualicunque
1098 4794 1298 4884 fortitudine,
