2946 5086
628 349 775 419 OAPUT
796 351 847 419 23.

79 518 117 575 In
142 533 206 590 quo
229 512 410 587 insinuatur,
433 513 512 586 quod
533 513 579 570 illi
600 510 683 572 Sauli
705 512 818 573 reversi
841 528 859 570 a
879 531 960 591 rege,
982 515 1094 574 malum
1115 510 1214 596 incept
1215 537 1265 576 ιιιιι
1287 521 1379 581 eonti-

81 602 254 663 nuaverint
287 597 363 662 Item
386 601 464 675 quod
479 601 560 658 Deus
576 599 681 660 mirum
691 600 723 659 in
735 601 852 660 modum
868 619 920 659 cor
934 601 1025 679 regis,
1050 602 1193 664 Hlawsas
1216 614 1246 664 ct
1261 604 1383 666 Schorff

83 691 255 749 addictum
265 686 407 769 effecerit,
430 688 499 745 dum
522 687 611 744 etiarn
632 689 745 762 absque
766 686 883 747 licentia
905 706 1004 765 regem
1019 691 1228 763 accessissent,
1250 693 1302 768 qui
1315 704 1381 754 tan·

83 779 151 838 dem
176 777 249 837 illos
272 775 349 834 false
371 762 525 843 accusatos
548 773 641 833 fuisse
672 774 798 834 rescivit
820 783 849 832 et
870 776 1031 852 condoluit,
1053 786 1142 852 atque
1163 779 1196 839 id
1219 780 1278 840 illis
1302 801 1380 841 com·

584 879 710 969 pensare
732 861 889 936 quaesivit.

171 1013 304 1079 Interea
332 1011 514 1098 Pragenses
536 1022 665 1100 praeter
696 1011 807 1077 illos
792 1035 862 1100 jam
895 1021 991 1077 antea
1013 1014 1165 1100 expulsos
1189 1037 1231 1080 ex
1253 1015 1384 1083 civitate

87 1142 176 1221 ceges
210 1127 245 1183 et
272 1116 394 1182 incolas
418 1138 507 1198 suos,
539 1115 646 1181 adhuc
678 1117 765 1182 circa
794 1120 1019 1205 quinquaqinta
1047 1141 1202 1205 personas
1234 1142 1277 1186 ex
1299 1121 1379 1187 urbe

90 1225 183 1289 exire
186 1224 447 1310 jusseruntetc
490 1208 552 1285 His
573 1220 680 1286 adhuc
701 1243 767 1286 non
797 1231 873 1290 cont
860 1223 939 1290 tenti
960 1221 1102 1300 fuerunt,
1135 1223 1193 1289 s'ed
1215 1232 1385 1313 praeterea

90 1327 176 1414 apud
197 1349 309 1414 regem
331 1324 501 1412 urgebant,
524 1334 560 1390 ut
581 1346 646 1391 non
670 1324 773 1391 solum
796 1325 843 1391 illi
866 1349 977 1392 omnes
1001 1329 1161 1417 expulsi
1152 1352 1186 1393 ιιι
1207 1330 1384 1416 regnoBo·

91 1431 265 1515 herniae,
254 1453 321 1496 nno
343 1432 461 1495 necin
483 1428 557 1495 ullis
579 1430 757 1518 provinciis
779 1431 880 1517 regiis
915 1431 1099 1514 tolerentur,
1134 1435 1210 1520 quia
1232 1435 1384 1501 inventae
1411 1468 1415 1473 v

93 1535 224 1601 bierunt
241 1534 373 1600 dolosae
395 1535 429 1599 ιιι
452 1533 649 1600 cancellarie
669 1534 760 1620 regia
793 1534 936 1601 nondum
960 1536 1163 1622 obsigillstae
1184 1538 1385 1619 literaanbi

94 1639 202 1707 ultima
223 1639 374 1706 voluntas
397 1637 489 1724 regie
504 1639 575 1725 jam
596 1637 638 1702 ad
668 1636 798 1703 illorum
830 1637 946 1705 falsam
975 1639 1185 1706 delationem¹
1203 1645 1396 1732 conscripta*

96 1743 199 1815 fuerat
244 1744 335 1811 Deus
357 1765 433 1809 vero
457 1743 566 1811 omnia
587 1743 781 1826 immutavit,
803 1751 975 1830 antequam
998 1767 1050 1808 res
1065 1744 1252 1832 prodivcrit.
1296 1749 1384 1817 Dum

97 1846 185 1934 igitur
215 1847 366 1931 dominus
387 1847 531 1931 loannes
565 1846 698 1913 Hlawsa
729 1855 761 1912 et
789 1846 943 1941 Nicolaus
978 1847 1109 1914 Schorff
1129 1850 1200 1937 jam
1231 1854 1265 1919 in
1294 1854 1385 1920 Hun-

98 1957 214 2037 gariam
236 1975 302 2018 non
323 1953 436 2041 procul
457 1951 552 2023 Buda
574 1950 795 2045 advenissent,
816 1950 1005 2017 metuebant
1021 1952 1176 2020 accedere
1191 1978 1301 2042 regern
1325 1956 1386 2023 do·

97 2059 211 2125 ιιιιιιιιιιι
234 2080 328 2124 suum
362 2057 403 2123 ob
426 2057 560 2123 nimiam
581 2054 851 2139 adventationem,
879 2077 974 2141 quam
997 2057 1084 2144 apud
1105 2080 1216 2144 regem
1238 2052 1382 2127 incurre-

94 2173 171 2247 runt,
194 2162 437 2251 propterfelsas
459 2160 648 2244 delationes,
670 2183 735 2226 una
757 2176 830 2225 cum
842 2159 990 2226 omnibus
1011 2160 1082 2226 eliis
1095 2161 1204 2248 Praga
1216 2164 1360 2251 expulsis
1375 2158 1404 2250 ς’

92 2267 145 2333 sed
166 2269 327 2333 miserunt
348 2290 387 2335 eo
409 2268 558 2333 nuntium
580 2289 653 2333 cum
669 2265 780 2347 literis,
803 2275 951 2354 petentes
979 2265 1104 2331 salvum
1127 2267 1330 2354 conductum,
1354 2277 1388 2336 et

89 2368 164 2439 dum
186 2371 320 2437 nuntius
342 2370 453 2437 literas
487 2372 558 2457 regi
591 2371 796 2452 tradidisset,
830 2392 891 2434 rex
914 2392 969 2436 eas
992 2393 1057 2435 non
1080 2372 1229 2457 aperiens
1251 2375 1386 2440 tradidit

86 2466 219 2542 domino
242 2474 383 2563 Trepka,
414 2476 470 2562 qui
492 2497 547 2540 eas
568 2497 679 2539 rursus
703 2473 947 2560 archiepiscopo
963 2468 1227 2559 'Ostregcmensi‘
1240 2476 1341 2561 dedit,
1365 2472 1389 2543 a

86 2604 150 2669 quo
173 2581 306 2671 fuerunt
327 2580 523 2663 reconditae,
557 2581 604 2645 ita
627 2580 712 2667 quod
736 2572 796 2644 rex
819 2586 1006 2644 contentum
1028 2576 1157 2642 illarum
1179 2582 1300 2645 rescire
1322 2604 1387 2647 non
1457 2654 1460 2660 ,

83 2687 240 2777 potuerit,
264 2707 337 2750 cum
358 2683 621 2770 archiepiscopus
644 2685 733 2768 regis
756 2683 970 2749 cancellarius
993 2681 1146 2764 resciens,
1171 2685 1249 2770 quid
1271 2684 1383 2750 inillis

86 2794 244 2881 scriptum
266 2791 316 2873 sit,
339 2788 405 2854 non
427 2787 610 2869 admiserit,
636 2796 670 2852 ut
692 2788 762 2873 regi
786 2788 1005 2854 extradantur.
1056 2788 1170 2877 Itaque
1192 2790 1227 2852 in
1249 2789 1386 2856 nihilum

86 2890 204 2964 versae
225 2893 365 2975 fuerunt,
384 2892 519 2965 tandem
542 2894 639 2958 etiarn
661 2892 702 2957 ab
731 2895 941 2980 instigatione
963 2897 1111 2981 magistri
1134 2894 1259 2961 Passek
1282 2892 1387 2963 etali-

88 3024 180 3068 orum
200 2998 428 3085 Pragensium,
462 2996 585 3062 ibidem
616 2999 835 3085 praesentium
868 2999 1133 3088 archiepiscopus
1167 3000 1252 3088 apud
1277 3024 1389 3088 regem

88 3106 219 3172 domino
235 3102 388 3169 Hlawsae
411 3111 442 3166 et
465 3101 591 3168 seberti
614 3103 731 3167 struxit
751 3103 897 3186 iusidias,
920 3104 965 3168 ita
987 3104 1073 3188 quod
1098 3105 1223 3172 salvum
1248 3107 1387 3173 condue-

88 3220 156 3277 tum
178 3208 349 3296 acquirere
372 3228 437 3271 non
466 3207 646 3294 potuerint,
680 3206 744 3272 hoc
776 3206 850 3290 fine,
866 3216 870 3223 '
884 3216 919 3271 ut
951 3208 1037 3273 mala
1070 3209 1200 3297 incepta
1230 3213 1387 3298 perficere

87 3315 224 3405 possint.
254 3312 301 3378 Hi
322 3333 399 3378 vero
422 3310 530 3376 mente
553 3308 671 3375 turbati
687 3311 775 3376 omni
796 3311 940 3398 periculo
957 3300 998 3377 se¹
1015 3325 1243 3399 exposuerunt,
1268 3324 1300 3379 ct
1320 3337 1387 3385 noc

90 3424 318 3508 exspectantes
335 3414 459 3480 salvum
472 3412 676 3497 conductum,
699 3412 827 3479 Budam
843 3436 878 3479 se
893 3425 1095 3502 receperunt,
1117 3416 1174 3483 ubi
1188 3419 1292 3505 primo
1306 3421 1387 3506 regi,

90 3522 221 3589 tandem
244 3521 377 3606 reginae
400 3541 435 3584 sc
456 3526 754 3607 praesentaverunt,
777 3519 833 3585 ubi
854 3518 984 3585 volente
999 3520 1072 3584 Deo
1096 3520 1294 3608 singularem
1315 3546 1388 3611 gra·

90 3630 166 3693 tiam
189 3625 278 3713 apud
299 3647 410 3710 regem
434 3633 466 3688 et
487 3624 634 3711 reginam
656 3625 859 3707 invenerunt,
883 3633 919 3688 ut
940 3624 1057 3706 omnia,
1081 3646 1164 3711 quac
1186 3629 1381 3713 petiverunt,

94 3730 309 3812 obtinuerint,
332 3737 427 3815 prout
448 3728 483 3791 in
505 3726 581 3793 libri
603 3727 663 3794 111.
686 3728 792 3815 capite
813 3728 838 3792 Ι.
859 3727 961 3793 fusius
979 3727 1209 3810 declarabitur.

176 3833 251 3899 Hae
271 3833 371 3918 igitur
386 3831 621 3919 archiepiscopi
644 3839 675 3896 et
700 3832 913 3918 Pragensium
934 3832 1071 3898 insidiae
1097 3836 1131 3899 in
1154 3834 1291 3900 nihilum
1314 3843 1388 3901 sunt

97 3959 278 4004 conversae.
312 3935 400 3999 Dum
422 3935 508 3999 enim
531 3958 591 3999 rex
611 3934 773 4003 Joannem
796 3935 929 4001 Hlawsa
950 3943 983 4002 et
1003 3936 1133 4003 Soborff
1152 3938 1386 4026 conspexisset,

97 4042 245 4131 agnovit,¹
259 4061 280 4104 a
302 4037 525 4125 Pragensibus
549 4061 583 4104 se
605 4038 701 4105 valde
722 4038 823 4105 fuisse
845 4038 1026 4128 deceptum,
1048 4051 1144 4129 prout
1164 4045 1235 4130 ipse
1257 4043 1387 4109 tandem

97 4145 199 4213 basus
221 4145 291 4210 fuit.
327 4141 494 4217 Judieevit
516 4144 612 4227 enim,
635 4143 708 4207 illos
732 4166 804 4209 csse
826 4166 981 4231 personas
1005 4146 1097 4228 viles,
1122 4150 1319 4229 temerarias,
1345 4148 1387 4214 de

99 4246 220 4334 quibus
234 4249 346 4314 variae
370 4268 480 4311 coram
504 4246 570 4312 Sua
591 4246 761 4334 Majestate
784 4249 1005 4329 accusationes
1027 4250 1215 4339 propositae
1236 4251 1387 4339 fuerunt3

100 4354 152 4419 sed
174 4353 253 4419 dum
274 4351 316 4418 ab
339 4351 390 4417 his
414 4360 445 4416 et
467 4350 539 4416 aliis
561 4351 667 4436 Praga
689 4351 790 4438 pulsis
811 4353 1007 4438 rescivisset,
1030 4352 1218 4421 recordatus
1241 4365 1388 4437 osteum

99 4461 208 4546 regins
230 4455 410 4524 conthorali
433 4476 500 4539 sua,
525 4455 610 4543 quod
632 4455 713 4521 alias
743 4455 974 4522 antecedenter
1008 4457 1151 4533 consiliis
1165 4516 1168 4521 .
1182 4460 1248 4541 suis
1281 4459 1397 4527 eidem-

99 4565 190 4633 valde
213 4564 350 4655 proficui
371 4562 500 4644 fuerint,
525 4571 556 4626 et
579 4562 679 4629 multa
701 4561 787 4629 bona
807 4565 1064 4651 procuraverint,
1041 4562 1226 4651 tsollieite
1247 4586 1385 4665 perpen-

98 4669 151 4756 dit,
175 4669 337 4759 quomodo
360 4667 441 4735 haec
472 4668 538 4735 illis
572 4689 782 4756 compensare
815 4677 933 4755 posset,
967 4668 1009 4734 ad
1040 4689 1122 4755 quac
1143 4666 1231 4733 mala
1251 4658 1389 4741 antece

98 4770 317 4865 Pragensibus
340 4758 451 4875 dolose
471 4770 622 4871 inductus
643 4770 711 4843 illis
730 4768 900 4865 inferenda
922 4773 1096 4847 consensit
1072 4769 1278 4861 tTaudent
1298 4780 1387 4864 pest
