2946 5086
1298 148 1397 258 ,ιιι
1463 260 1465 264 ,

88 342 293 414 contradicit
337 343 399 409 His
422 345 519 409 etiam
541 342 741 433 temporibus
763 342 851 432 apud
873 341 1030 431 quosdam
1050 341 1211 431 parochos
1247 340 1301 423 hic
1322 343 1403 413 1005,

88 451 210 518 similia
232 448 492 534 inveniebantur,
525 448 582 515 ubi
605 471 648 515 ex
676 447 875 536 obligatione
908 446 1059 536 exemplo
1092 456 1237 532 veterum
1259 456 1404 551 suorum}J
1461 501 1464 506 ,

90 683 161 728 eam
185 667 417 749 contemptum.
462 657 498 725 Si
521 661 594 746 quis
618 682 653 724 se
675 660 844 727 revocavit
864 658 907 725 ad
928 658 1020 743 haec,
1043 659 1131 746 quod
1152 681 1188 727 se
1209 661 1289 728 velit
1303 655 1416 729 diris-⁸

90 787 166 852 gere
189 763 369 830 secuudum
390 759 498 849 legem
520 761 643 852 Christi
677 774 709 830 et
732 767 925 854 scripturam
954 788 1101 850 sacram;
1125 777 1158 835 et
1179 760 1278 832 locuti
1316 764 1404 853 sunt]

90 879 120 937 et
141 868 383 957 responderunt
404 865 453 933 illi
476 846 687 956 sequentibus
709 870 804 936 nov'ie
826 867 1011 936 infidelibus
1035 877 1067 936 et
1087 869 1261 940 haereticis
1283 874 1388 943 fauci-
1399 876 1410 922 ’-

89 974 152 1041 ιιι
189 981 232 1038 ιι
243 972 363 1057 verbis,
398 970 485 1060 quod
506 971 701 1039 Pickhartae
734 985 766 1040 et
787 972 935 1040 homines
967 964 1137 1041 haeretici
1157 976 1332 1065 plurimum
1354 998 1404 1059 se⁸

91 1083 165 1166 lege
199 1077 265 1143 Dei
288 1076 473 1160 defendant,
507 1079 599 1164 quasi
632 1088 760 1167 praeter
793 1078 877 1145 hanc
912 1078 994 1147 nihil
1027 1083 1170 1147 securius
1202 1093 1235 1148 et
1267 1078 1419 1151 certius*

96 1182 267 1267 haberent,
290 1181 425 1253 ethaeo
447 1190 498 1248 est
520 1181 698 1249 clarissima
719 1183 853 1250 falsitas

639 1390 786 1458 CAPUT
810 1392 861 1458 12.

93 1505 128 1563 In
153 1521 215 1605 quo
238 1505 346 1565 author
368 1501 458 1578 hujus
481 1498 554 1559 libri
578 1501 698 1561 cuilibet
721 1502 875 1563 hominum
898 1502 1101 1564 deliberationi
1133 1512 1163 1564 et
1185 1470 1406 1581 dijudicationi¹²
1434 1541 1436 1545 <

94 1591 262 1669 committit,
296 1611 336 1650 au
363 1583 448 1668 juste
481 1587 528 1646 bis
559 1588 733 1648 hominibus
761 1589 970 1650 innocentibus
992 1590 1130 1677 injuncta
1148 1590 1236 1650 luerit
1268 1591 1354 1652 illa'
1342 1610 1389 1653 m·

498 1678 501 1683 ’
555 1675 678 1735 structio
701 1684 752 1736 aut
773 1676 934 1738 revocatio.
1006 1684 1011 1741 Ῑ
1382 1702 1385 1707 ·

178 1797 276 1870 Ubi
266 1825 301 1866 ιιι
324 1799 496 1867 scribendo
518 1798 729 1866 brevissimus
752 1823 825 1868 esse
847 1800 979 1890 vellem,
1010 1808 1077 1868 tum
1100 1823 1201 1888 cogor
1220 1803 1255 1868 in
1276 1801 1388 1874 verbis

95 1930 167 1975 esse
190 1907 446 1973 laxissimust
414 1927 432 1971 ι
433 1903 684 1992 tampliesimus,
707 1904 868 1972 animatus
892 1929 935 1972 ex
951 1908 1044 1995 justa
1066 1929 1165 1974 causa
1186 1906 1229 1973 ad
1246 1906 1392 1974 scribam

95 2011 251 2096 dum,et
239 2011 361 2077 tlicet
381 2011 560 2098 praeterire
583 2009 743 2097 quaedam
771 2010 900 2095 vellem,
936 2019 1005 2077 tum
1026 2011 1135 2096 haec,
1154 2035 1237 2102 quae
1258 2034 1338 2107 vera
1357 2020 1408 2105 ιιτ

95 2121 254 2186 memoria
287 2118 387 2206 digna
410 2122 493 2199 sunt,
530 2114 676 2180 omittere
699 2114 832 2181 difficile
867 2124 925 2182 est.
970 2114 1077 2182 Crede
1110 2117 1196 2204 quod
1225 2116 1300 2183 talis
1323 2139 1392 2185 cor
1405 2162 1413 2173 .-

94 2226 198 2291 reotio
232 2232 265 2289 et
284 2220 455 2287 instructio
478 2238 516 2283 ac
538 2219 728 2284 revocatio
718 2243 753 2284 ιιι
768 2218 888 2308 templo
905 2218 1090 2286 homiuibus
1112 2222 1265 2309 imposita
1287 2221 1404 2311 fuerit,

98 2328 187 2419 quod
200 2326 294 2393 multi
307 2335 419 2393 contra
448 2345 483 2388 se
494 2322 541 2388 fat
528 2330 588 2388 ιιιι
579 2321 782 2407 debuerint,
806 2332 838 2388 et
852 2344 1008 2390 revocare
1023 2325 1094 2389 sine
1108 2325 1174 2391 ullo
1193 2302 1402 2451 argumento,
1465 2380 1467 2383 .

100 2443 131 2500 et
152 2432 223 2499 ulla
245 2440 359 2498 ιοιιιιι
381 2429 464 2496 illos
497 2427 574 2492 data
603 2435 659 2493 aut
694 2427 781 2493 facta
813 2427 1016 2515 probatione,
1041 2429 1134 2518 cujus
1156 2452 1321 2530 nunquam
1343 2432 1394 2499 rei
1467 2493 1469 2496 ,

99 2539 239 2622 furorum,
264 2536 321 2601 sed
344 2533 535 2624 praesertim
561 2533 665 2597 coacti
687 2532 769 2597 haec
790 2532 936 2620 proferre
960 2532 1151 2617 debuerunt,
1174 2543 1227 2599 ut:
1270 2534 1396 2625 Nosin

99 2642 263 2719 erroribus
295 2640 490 2729 deprehensi
519 2649 601 2725 etc.;
625 2639 751 2706 deinde
780 2639 865 2729 quod
888 2641 930 2706 de
955 2631 1108 2707 manibus
1136 2640 1315 2707 infidelium
1338 2663 1395 2731 soff
1397 2650 1416 2677 ²¹

98 2755 297 2816 uramentum
326 2745 540 2811 eucharistiae
572 2744 781 2830 sumpserint,
819 2754 932 2812 centra
952 2746 1188 2813 institutionem
1226 2755 1258 2812 et
1297 2722 1407 2817 ritum,
1469 2772 1472 2778 ·

100 2853 267 2920 ecclesiae.
311 2850 385 2917 Hoc
408 2851 495 2916 enim
517 2871 684 2937 nunquam
706 2850 959 2935 consistoriales,
990 2872 1054 2917 nec
1074 2848 1158 2916 ullus
1181 2849 1265 2916 alius
1289 2872 1407 2918 sacer·

99 2958 229 3024 dotibus
250 2956 357 3042 Praga
389 2955 530 3040 egressis
558 2952 699 3041 probare
731 2963 916 3041 potuerunt,
954 2955 1040 3043 quod
1074 2963 1186 3021 contra
1223 2963 1396 3045 utrumque

99 3062 224 3149 aliquid
247 3060 579 3141 commisissentmeu
601 3058 672 3141 hoc,
697 3058 783 3145 quod
805 3060 870 3146 ipsi
893 3082 928 3125 se
944 3061 1043 3146 juxta
1064 3068 1236 3146 utrumque
1257 3059 1402 3128 fideliter·
1464 3114 1467 3121 f

99 3174 216 3256 gerant
238 3165 414 3236 secuudum
446 3157 551 3250 legem
575 3161 707 3230 Christi.
751 3163 900 3230 Tandem
922 3163 1057 3247 ulterius
1092 3164 1191 3250 loqui
1204 3160 1409 3252 debuerunt·

99 3270 186 3361 quod
208 3270 307 3336 fidem
330 3270 423 3347 hanc,
454 3291 552 3354 quam
573 3264 629 3332 alii
651 3265 804 3334 dixerunt
826 3291 898 3334 esse
928 3291 1040 3335 veram
1057 3268 1291 3353 christianam,
1326 3271 1416 3358 sine.-

98 3385 190 3442 recta
211 3374 404 3463 probatione
425 3372 538 3456 libere,
562 3372 649 3438 clare
673 3383 704 3438 et
720 3371 902 3439 voluntarie
924 3374 1145 3460 profiteantur.
1191 3373 1304 3456 Qualis
1316 3371 1399 3441 baeu

99 3483 206 3570 potuit
228 3501 300 3545 esse
321 3478 463 3561 libertas,
500 3485 533 3541 et
553 3477 685 3564 propria
707 3477 867 3559 voluntas,
901 3499 976 3543 oum
996 3476 1091 3544 aliter
1122 3478 1164 3546 ab
1186 3479 1249 3546 hac
1271 3499 1408 3581 ιοιιιι(ὶ

100 3587 189 3652 tione
221 3593 253 3649 et
273 3584 485 3672 instructione
506 3581 639 3648 liberari
659 3604 726 3648 non
747 3582 920 3671 potuerint,
943 3583 1007 3648 uisi
1029 3583 1083 3655 vel
1098 3584 1282 3652 decivitate
1300 3586 1397 3676 pulsi,

102 3691 157 3758 vel
181 3690 328 3756 carnifici
351 3698 384 3760 et
405 3687 572 3755 lictoribus
594 3688 629 3752 in
651 3686 898 3753 manus'traditi
918 3686 1065 3765 fuissent,
1088 3697 1144 3754 aut
1163 3689 1277 3758 ultimo
1298 3692 1396 3780 plane

100 3798 237 3886 inrogo
261 3791 419 3861 c'ombusti
441 3792 587 3876 fluissent,
611 3793 694 3858 sicut
716 3792 911 3880 quibusdam
931 3792 1052 3887 factum
1073 3791 1143 3860 icit.
1185 3795 1333 3862 Tandem
1346 3796 1399 3864 'ad

100 3899 182 3966 haec
204 3898 281 3965 dum
304 3898 498 3983 devenisset,
517 3907 552 3964 et
573 3897 720 3964 homines
742 3897 791 3964 illi
812 3900 859 3963 ita
879 3899 969 3965 varie
990 3906 1209 3964 assenserunt.
1241 3899 1322 3982 Quis
1337 3890 1415 3968 uns*

101 4027 199 4094 quam
222 4003 348 4070 audiuit
368 4005 433 4070 tale
455 4005 582 4092 justum
599 4001 771 4092 judicium,
805 4004 875 4069 sive
898 4003 1072 4087 saeculare,
1106 4003 1183 4074 sive⁴
1199 3998 1416 4074 ecclesiastis¹⁴

103 4133 188 4194 cum,
211 4118 249 4175 ut
266 4107 362 4175 homo
378 4108 498 4196 corrigi
512 4109 547 4173 in
562 4107 628 4173 fide
644 4106 779 4174 deberet
794 4108 851 4173 tali
869 4109 1087 4197 suprascripto
1096 4104 1207 4192 mod03
1237 4107 1298 4175 hoc
1314 4112 1401 4178 enim

102 4214 174 4280 fieri
196 4212 366 4280 debuisset
397 4224 509 4282 contra
539 4239 650 4283 sanam
672 4217 840 4310 rationem,
874 4219 940 4284 imo
962 4225 1075 4284 contra
1107 4213 1214 4301 legem
1235 4215 1311 4302 Dei,
1346 4220 1409 4289 oui?

103 4320 178 4408 plue
202 4317 337 4384 credere
373 4330 508 4410 oportet,
543 4338 652 4411 quam'
674 4320 822 4389 omuibus
855 4321 1042 4389 hominibus
1075 4327 1210 4411 peccato
1233 4320 1398 4410 subjectis.

104 4424 346 4513 Argumentum
368 4424 464 4516 hujus
489 4436 546 4511 est,
571 4426 690 4516 quod‘
672 4450 752 4516 1psa
774 4427 857 4494 ratio
880 4428 1078 4495 corbariam
1100 4423 1210 4509 dictet,
1233 4433 1268 4492 ut
1282 4426 1415 4517 aliquis

104 4529 242 4597 deberet
274 4530 376 4596 verba
407 4531 517 4599 audita
549 4538 706 4601 revocare
739 4542 771 4598 et
804 4533 888 4600 de'
878 4557 950 4623 rpso
980 4533 1071 4621 loqui
1102 4532 1156 4598 vel
1178 4528 1219 4596 de
1241 4529 1306 4598 alio
1330 4533 1408 4600 s'mb·

103 4636 241 4758 praevia
262 4632 507 4703 deliberatione
518 4644 550 4704 et
566 4635 702 4726 judicio,
736 4659 778 4703 an
799 4660 852 4704 res
867 4639 915 4704 ita
930 4660 965 4705 se
992 4637 1112 4704 habeat
1132 4631 1187 4701 vel
1208 4654 1293 4723 uon3‘
1314 4634 1417 4725 quod'

103 4743 140 4810 in
161 4761 291 4810 errores
322 4749 379 4847 aut
410 4741 477 4811 alia
507 4741 661 4811 seductus
694 4733 802 4830 fuerit,
830 4743 1012 4834 judicando
1034 4743 1136 4830 illum,
1155 4737 1216 4916 ql&
1245 4765 1309 4833 quo
1330 4741 1409 4832 qais
