<?xml version="1.0" encoding="UTF-8"?>
<!DOCTYPE html PUBLIC "-//W3C//DTD XHTML 1.0 Transitional//EN"
    "http://www.w3.org/TR/xhtml1/DTD/xhtml1-transitional.dtd">
<html xmlns="http://www.w3.org/1999/xhtml" xml:lang="en" lang="en">
 <head>
  <title>
</title>
<meta http-equiv="Content-Type" content="text/html;charset=utf-8" />
  <meta name='ocr-system' content='tesseract 3.04.00' />
  <meta name='ocr-capabilities' content='ocr_page ocr_carea ocr_par ocr_line ocrx_word'/>
</head>
<body>
  <div class='ocr_page' id='page_1' title='image "./desbartholomaeu00hfgoog_0129.png"; bbox 0 0 2946 5086; ppageno 0'>
   <div class='ocr_carea' id='block_1_1' title="bbox 134 140 216 213">
    <p class='ocr_par' dir='ltr' id='par_1_1' title="bbox 134 140 216 213">
     <span class='ocr_line' id='line_1_1' title="bbox 134 140 216 213; baseline 0.073 -6"><span class='ocrx_word' id='word_1_1' title='bbox 134 140 216 213; x_wconf 73' lang='lat'>130-</span> 
     </span>
    </p>
   </div>
   <div class='ocr_carea' id='block_1_2' title="bbox 92 308 1468 4837">
    <p class='ocr_par' dir='ltr' id='par_1_2' title="bbox 92 308 1441 3621">
     <span class='ocr_line' id='line_1_2' title="bbox 130 308 1441 402; baseline -0.003 -21"><span class='ocrx_word' id='word_1_2' title='bbox 130 310 350 381; x_wconf 82' lang='lat' dir='ltr'>braden&#39;sibus</span> <span class='ocrx_word' id='word_1_3' title='bbox 383 309 502 375; x_wconf 88' lang='lat' dir='ltr'>mortui</span> <span class='ocrx_word' id='word_1_4' title='bbox 535 316 620 376; x_wconf 86' lang='lat' dir='ltr'>sunt.</span> <span class='ocrx_word' id='word_1_5' title='bbox 670 308 711 376; x_wconf 89' lang='lat' dir='ltr'>Et</span> <span class='ocrx_word' id='word_1_6' title='bbox 741 311 825 375; x_wconf 90' lang='lat' dir='ltr'>sicut</span> <span class='ocrx_word' id='word_1_7' title='bbox 862 318 948 395; x_wconf 89' lang='lat' dir='ltr'>tunc,</span> <span class='ocrx_word' id='word_1_8' title='bbox 981 314 1028 377; x_wconf 91' lang='lat' dir='ltr'>ita</span> <span class='ocrx_word' id='word_1_9' title='bbox 1060 312 1159 379; x_wconf 85' lang='lat' dir='ltr'>etiam</span> <span class='ocrx_word' id='word_1_10' title='bbox 1191 309 1289 377; x_wconf 88' lang='lat' dir='ltr'>modo</span> <span class='ocrx_word' id='word_1_11' title='bbox 1323 333 1441 402; x_wconf 73' lang='lat' dir='ltr'>propo·</span> 
     </span>
     <span class='ocr_line' id='line_1_3' title="bbox 133 411 1440 507; baseline -0.002 -22"><span class='ocrx_word' id='word_1_12' title='bbox 133 419 230 485; x_wconf 86' lang='lat' dir='ltr'>situm</span> <span class='ocrx_word' id='word_1_13' title='bbox 253 436 346 482; x_wconf 91' lang='lat' dir='ltr'>suum</span> <span class='ocrx_word' id='word_1_14' title='bbox 382 413 418 479; x_wconf 90' lang='lat' dir='ltr'>in</span> <span class='ocrx_word' id='word_1_15' title='bbox 454 412 605 479; x_wconf 85' lang='lat' dir='ltr'>effectum</span> <span class='ocrx_word' id='word_1_16' title='bbox 640 411 801 479; x_wconf 82' lang='lat' dir='ltr'>deducere</span> <span class='ocrx_word' id='word_1_17' title='bbox 831 436 896 480; x_wconf 91' lang='lat' dir='ltr'>non</span> <span class='ocrx_word' id='word_1_18' title='bbox 929 423 1113 503; x_wconf 77' lang='lat' dir='ltr'>potuerunt,</span> <span class='ocrx_word' id='word_1_19' title='bbox 1152 415 1218 481; x_wconf 90' lang='lat' dir='ltr'>nisi</span> <span class='ocrx_word' id='word_1_20' title='bbox 1253 437 1313 502; x_wconf 90' lang='lat' dir='ltr'>per</span> <span class='ocrx_word' id='word_1_21' title='bbox 1336 427 1440 507; x_wconf 89' lang='lat' dir='ltr'>potes-</span> 
     </span>
     <span class='ocr_line' id='line_1_4' title="bbox 133 516 1434 597; baseline 0.002 -9"><span class='ocrx_word' id='word_1_22' title='bbox 133 530 234 589; x_wconf 86' lang='lat' dir='ltr'>tatem</span> <span class='ocrx_word' id='word_1_23' title='bbox 255 519 383 597; x_wconf 87' lang='lat' dir='ltr'>laicam,</span> <span class='ocrx_word' id='word_1_24' title='bbox 419 517 453 582; x_wconf 93' lang='lat' dir='ltr'>in</span> <span class='ocrx_word' id='word_1_25' title='bbox 486 517 616 585; x_wconf 88' lang='lat' dir='ltr'>laudem</span> <span class='ocrx_word' id='word_1_26' title='bbox 638 526 671 582; x_wconf 89' lang='lat' dir='ltr'>et</span> <span class='ocrx_word' id='word_1_27' title='bbox 692 516 848 584; x_wconf 86' lang='lat' dir='ltr'><strong>honorem</strong></span> <span class='ocrx_word' id='word_1_28' title='bbox 870 518 935 585; x_wconf 91' lang='lat' dir='ltr'>Dei</span> <span class='ocrx_word' id='word_1_29' title='bbox 969 541 1081 587; x_wconf 90' lang='lat' dir='ltr'>omnes</span> <span class='ocrx_word' id='word_1_30' title='bbox 1114 519 1326 589; x_wconf 77' lang='lat' dir='ltr'>crudelitates</span> <span class='ocrx_word' id='word_1_31' title='bbox 1360 547 1434 590; x_wconf 87' lang='lat' dir='ltr'>suas</span> 
     </span>
     <span class='ocr_line' id='line_1_5' title="bbox 135 621 1440 695; baseline 0.002 -2"><span class='ocrx_word' id='word_1_32' title='bbox 135 633 328 693; x_wconf 75' lang='lat' dir='ltr'>exercentes</span> <span class='ocrx_word' id='word_1_33' title='bbox 362 629 395 689; x_wconf 90' lang='lat' dir='ltr'>et</span> <span class='ocrx_word' id='word_1_34' title='bbox 417 621 649 689; x_wconf 70' lang='lat' dir='ltr'>adscribentes.</span> <span class='ocrx_word' id='word_1_35' title='bbox 693 621 840 688; x_wconf 80' lang='lat' dir='ltr'>Tandem</span> <span class='ocrx_word' id='word_1_36' title='bbox 873 622 986 690; x_wconf 77' lang='lat' dir='ltr'>Gallus</span> <span class='ocrx_word' id='word_1_37' title='bbox 1019 624 1265 691; x_wconf 89' lang='lat' dir='ltr'>administrator</span> <span class='ocrx_word' id='word_1_38' title='bbox 1295 626 1339 692; x_wconf 91' lang='lat' dir='ltr'>de</span> <span class='ocrx_word' id='word_1_39' title='bbox 1371 629 1440 695; x_wconf 85' lang='lat' dir='ltr'>tali-</span> 
     </span>
     <span class='ocr_line' id='line_1_6' title="bbox 130 726 1436 813; baseline 0.002 -17"><span class='ocrx_word' id='word_1_40' title='bbox 130 728 194 796; x_wconf 87' lang='lat' dir='ltr'>bus</span> <span class='ocrx_word' id='word_1_41' title='bbox 216 727 394 804; x_wconf 88' lang='lat' dir='ltr'>instructis,</span> <span class='ocrx_word' id='word_1_42' title='bbox 419 726 573 792; x_wconf 90' lang='lat' dir='ltr'>correctis</span> <span class='ocrx_word' id='word_1_43' title='bbox 597 734 629 791; x_wconf 91' lang='lat' dir='ltr'>et</span> <span class='ocrx_word' id='word_1_44' title='bbox 650 727 820 813; x_wconf 86' lang='lat' dir='ltr'>reparatis,</span> <span class='ocrx_word' id='word_1_45' title='bbox 858 749 897 792; x_wconf 92' lang='lat' dir='ltr'>ac</span> <span class='ocrx_word' id='word_1_46' title='bbox 920 750 977 793; x_wconf 90' lang='lat' dir='ltr'>sua</span> <span class='ocrx_word' id='word_1_47' title='bbox 999 728 1085 794; x_wconf 91' lang='lat' dir='ltr'>mala</span> <span class='ocrx_word' id='word_1_48' title='bbox 1114 737 1188 794; x_wconf 87' lang='lat' dir='ltr'>acta</span> <span class='ocrx_word' id='word_1_49' title='bbox 1209 732 1436 799; x_wconf 88' lang='lat' dir='ltr'>revocantibus</span> 
     </span>
     <span class='ocr_line' id='line_1_7' title="bbox 131 829 1436 923; baseline 0.003 -24"><span class='ocrx_word' id='word_1_50' title='bbox 131 833 167 899; x_wconf 91' lang='lat' dir='ltr'>in</span> <span class='ocrx_word' id='word_1_51' title='bbox 202 832 343 899; x_wconf 88' lang='lat' dir='ltr'>ecclesia</span> <span class='ocrx_word' id='word_1_52' title='bbox 377 832 617 923; x_wconf 82' lang='lat' dir='ltr'><strong>promulgavit,</strong></span> <span class='ocrx_word' id='word_1_53' title='bbox 655 829 729 897; x_wconf 93' lang='lat' dir='ltr'>illos</span> <span class='ocrx_word' id='word_1_54' title='bbox 764 852 836 913; x_wconf 82' lang='lat' dir='ltr'>esse</span> <span class='ocrx_word' id='word_1_55' title='bbox 869 854 965 899; x_wconf 84' lang='lat' dir='ltr'>veros</span> <span class='ocrx_word' id='word_1_56' title='bbox 998 841 1130 899; x_wconf 89' lang='lat' dir='ltr'>sanctae</span> <span class='ocrx_word' id='word_1_57' title='bbox 1164 834 1324 921; x_wconf 78' lang='lat' dir='ltr'>ecclcsiae</span> <span class='ocrx_word' id='word_1_58' title='bbox 1356 837 1436 903; x_wconf 91' lang='lat' dir='ltr'>filios</span> 
     </span>
     <span class='ocr_line' id='line_1_8' title="bbox 134 932 1435 1026; baseline 0.004 -24"><span class='ocrx_word' id='word_1_59' title='bbox 134 944 167 1003; x_wconf 90' lang='lat' dir='ltr'>et</span> <span class='ocrx_word' id='word_1_60' title='bbox 189 936 391 1022; x_wconf 87' lang='lat' dir='ltr'>christianos,</span> <span class='ocrx_word' id='word_1_61' title='bbox 428 946 544 1026; x_wconf 88' lang='lat' dir='ltr'>petens</span> <span class='ocrx_word' id='word_1_62' title='bbox 578 943 611 1001; x_wconf 90' lang='lat' dir='ltr'>et</span> <span class='ocrx_word' id='word_1_63' title='bbox 632 932 807 1000; x_wconf 87' lang='lat' dir='ltr'>adhortans</span> <span class='ocrx_word' id='word_1_64' title='bbox 841 938 1112 1021; x_wconf 80' lang='lat' dir='ltr'>communitatem,</span> <span class='ocrx_word' id='word_1_65' title='bbox 1144 948 1179 1004; x_wconf 92' lang='lat' dir='ltr'>ut</span> <span class='ocrx_word' id='word_1_66' title='bbox 1211 940 1285 1005; x_wconf 85' lang='lat' dir='ltr'>cum</span> <span class='ocrx_word' id='word_1_67' title='bbox 1317 941 1435 1007; x_wconf 88' lang='lat' dir='ltr'>eisdem</span> 
     </span>
     <span class='ocr_line' id='line_1_9' title="bbox 134 1039 1429 1126; baseline 0.003 -19"><span class='ocrx_word' id='word_1_68' title='bbox 134 1041 170 1107; x_wconf 91' lang='lat' dir='ltr'>in</span> <span class='ocrx_word' id='word_1_69' title='bbox 206 1063 317 1110; x_wconf 89' lang='lat' dir='ltr'>amore</span> <span class='ocrx_word' id='word_1_70' title='bbox 351 1050 384 1108; x_wconf 88' lang='lat' dir='ltr'>et</span> <span class='ocrx_word' id='word_1_71' title='bbox 417 1039 591 1109; x_wconf 88' lang='lat' dir='ltr'>concordia</span> <span class='ocrx_word' id='word_1_72' title='bbox 623 1040 749 1121; x_wconf 84' lang='lat' dir='ltr'>vivant,</span> <span class='ocrx_word' id='word_1_73' title='bbox 783 1046 880 1126; x_wconf 86' lang='lat' dir='ltr'>atque</span> <span class='ocrx_word' id='word_1_74' title='bbox 914 1039 979 1105; x_wconf 91' lang='lat' dir='ltr'>illis</span> <span class='ocrx_word' id='word_1_75' title='bbox 1012 1042 1098 1106; x_wconf 90' lang='lat' dir='ltr'>inre</span> <span class='ocrx_word' id='word_1_76' title='bbox 1130 1041 1221 1108; x_wconf 91' lang='lat' dir='ltr'>nulla</span> <span class='ocrx_word' id='word_1_77' title='bbox 1253 1042 1429 1111; x_wconf 88' lang='lat' dir='ltr'>detrahant.</span> 
     </span>
     <span class='ocr_line' id='line_1_10' title="bbox 137 1142 1430 1214; baseline 0.003 -4"><span class='ocrx_word' id='word_1_78' title='bbox 137 1142 285 1211; x_wconf 80' lang='lat' dir='ltr'>Tandem</span> <span class='ocrx_word' id='word_1_79' title='bbox 308 1147 512 1213; x_wconf 80' lang='lat' dir='ltr'>econtrario</span> <span class='ocrx_word' id='word_1_80' title='bbox 547 1147 582 1210; x_wconf 91' lang='lat' dir='ltr'>in</span> <span class='ocrx_word' id='word_1_81' title='bbox 604 1144 669 1210; x_wconf 90' lang='lat' dir='ltr'>alia</span> <span class='ocrx_word' id='word_1_82' title='bbox 690 1144 847 1209; x_wconf 88' lang='lat' dir='ltr'>concione</span> <span class='ocrx_word' id='word_1_83' title='bbox 876 1143 917 1209; x_wconf 88' lang='lat' dir='ltr'>de</span> <span class='ocrx_word' id='word_1_84' title='bbox 949 1143 1014 1209; x_wconf 90' lang='lat' dir='ltr'>illis</span> <span class='ocrx_word' id='word_1_85' title='bbox 1038 1145 1270 1212; x_wconf 83' lang='lat' dir='ltr'>contumeliose</span> <span class='ocrx_word' id='word_1_86' title='bbox 1309 1157 1341 1214; x_wconf 87' lang='lat' dir='ltr'>ct</span> <span class='ocrx_word' id='word_1_87' title='bbox 1370 1158 1430 1214; x_wconf 92' lang='lat' dir='ltr'>tur-</span> 
     </span>
     <span class='ocr_line' id='line_1_11' title="bbox 135 1240 1430 1339; baseline -0.001 -24"><span class='ocrx_word' id='word_1_88' title='bbox 135 1248 221 1339; x_wconf 86' lang='lat' dir='ltr'>piter</span> <span class='ocrx_word' id='word_1_89' title='bbox 243 1249 380 1329; x_wconf 89' lang='lat' dir='ltr'>locutus,</span> <span class='ocrx_word' id='word_1_90' title='bbox 417 1248 490 1316; x_wconf 89' lang='lat' dir='ltr'>illos</span> <span class='ocrx_word' id='word_1_91' title='bbox 520 1242 592 1314; x_wconf 87' lang='lat' dir='ltr'>esse</span> <span class='ocrx_word' id='word_1_92' title='bbox 622 1247 813 1336; x_wconf 85' lang='lat' dir='ltr'>proditores,</span> <span class='ocrx_word' id='word_1_93' title='bbox 846 1254 945 1332; x_wconf 86' lang='lat' dir='ltr'>utque</span> <span class='ocrx_word' id='word_1_94' title='bbox 968 1248 1015 1312; x_wconf 88' lang='lat' dir='ltr'>eis</span> <span class='ocrx_word' id='word_1_95' title='bbox 1044 1248 1127 1314; x_wconf 92' lang='lat' dir='ltr'>nihil</span> <span class='ocrx_word' id='word_1_96' title='bbox 1161 1240 1323 1334; x_wconf 80' lang='lat' dir='ltr'>credatur,</span> <span class='ocrx_word' id='word_1_97' title='bbox 1356 1254 1430 1318; x_wconf 89' lang='lat' dir='ltr'>sicut</span> 
     </span>
     <span class='ocr_line' id='line_1_12' title="bbox 137 1346 1428 1444; baseline 0.002 -24"><span class='ocrx_word' id='word_1_98' title='bbox 137 1346 273 1420; x_wconf 77' lang='lat' dir='ltr'>canibus</span> <span class='ocrx_word' id='word_1_99' title='bbox 295 1351 429 1439; x_wconf 88' lang='lat' dir='ltr'>rabidis,</span> <span class='ocrx_word' id='word_1_100' title='bbox 453 1354 517 1419; x_wconf 90' lang='lat' dir='ltr'>nisi</span> <span class='ocrx_word' id='word_1_101' title='bbox 540 1355 595 1441; x_wconf 93' lang='lat' dir='ltr'>qui</span> <span class='ocrx_word' id='word_1_102' title='bbox 617 1362 683 1418; x_wconf 87' lang='lat' dir='ltr'>tres</span> <span class='ocrx_word' id='word_1_103' title='bbox 706 1351 817 1418; x_wconf 91' lang='lat' dir='ltr'>oculos</span> <span class='ocrx_word' id='word_1_104' title='bbox 839 1351 1021 1429; x_wconf 83' lang='lat' dir='ltr'>habuerint,</span> <span class='ocrx_word' id='word_1_105' title='bbox 1044 1361 1076 1417; x_wconf 89' lang='lat' dir='ltr'>et</span> <span class='ocrx_word' id='word_1_106' title='bbox 1097 1353 1184 1441; x_wconf 85' lang='lat' dir='ltr'>quod</span> <span class='ocrx_word' id='word_1_107' title='bbox 1212 1357 1325 1421; x_wconf 90' lang='lat' dir='ltr'>omnia</span> <span class='ocrx_word' id='word_1_108' title='bbox 1340 1367 1428 1444; x_wconf 86' lang='lat' dir='ltr'>agant</span> 
     </span>
     <span class='ocr_line' id='line_1_13' title="bbox 131 1444 1426 1547; baseline 0.001 -23"><span class='ocrx_word' id='word_1_109' title='bbox 131 1480 193 1547; x_wconf 88' lang='lat' dir='ltr'>pro</span> <span class='ocrx_word' id='word_1_110' title='bbox 217 1466 320 1547; x_wconf 88' lang='lat' dir='ltr'>parte,</span> <span class='ocrx_word' id='word_1_111' title='bbox 361 1458 455 1546; x_wconf 90' lang='lat' dir='ltr'>panis</span> <span class='ocrx_word' id='word_1_112' title='bbox 479 1466 511 1522; x_wconf 92' lang='lat' dir='ltr'>et</span> <span class='ocrx_word' id='word_1_113' title='bbox 532 1444 693 1523; x_wconf 85' lang='lat' dir='ltr'>alimentis</span> <span class='ocrx_word' id='word_1_114' title='bbox 716 1456 932 1545; x_wconf 87' lang='lat' dir='ltr'>acquirendis,</span> <span class='ocrx_word' id='word_1_115' title='bbox 963 1457 1114 1545; x_wconf 88' lang='lat' dir='ltr'>quodque</span> <span class='ocrx_word' id='word_1_116' title='bbox 1137 1470 1341 1527; x_wconf 87' lang='lat' dir='ltr'>sacramenta</span> <span class='ocrx_word' id='word_1_117' title='bbox 1367 1484 1426 1527; x_wconf 87' lang='lat' dir='ltr'>sus·</span> 
     </span>
     <span class='ocr_line' id='line_1_14' title="bbox 132 1560 1429 1653; baseline -0.002 -23"><span class='ocrx_word' id='word_1_118' title='bbox 132 1563 264 1653; x_wconf 83' lang='lat' dir='ltr'>cipiunt,</span> <span class='ocrx_word' id='word_1_119' title='bbox 288 1563 543 1651; x_wconf 88' lang='lat' dir='ltr'>quotiescunque</span> <span class='ocrx_word' id='word_1_120' title='bbox 565 1564 612 1627; x_wconf 91' lang='lat' dir='ltr'>eis</span> <span class='ocrx_word' id='word_1_121' title='bbox 634 1561 848 1645; x_wconf 86' lang='lat' dir='ltr'>mandabitur,</span> <span class='ocrx_word' id='word_1_122' title='bbox 879 1560 1016 1649; x_wconf 89' lang='lat' dir='ltr'>ideoque</span> <span class='ocrx_word' id='word_1_123' title='bbox 1040 1584 1095 1627; x_wconf 92' lang='lat' dir='ltr'>eos</span> <span class='ocrx_word' id='word_1_124' title='bbox 1125 1570 1234 1629; x_wconf 90' lang='lat' dir='ltr'>tamen</span> <span class='ocrx_word' id='word_1_125' title='bbox 1256 1565 1341 1631; x_wconf 91' lang='lat' dir='ltr'>nihil</span> <span class='ocrx_word' id='word_1_126' title='bbox 1361 1566 1429 1632; x_wconf 91' lang='lat' dir='ltr'>boni</span> 
     </span>
     <span class='ocr_line' id='line_1_15' title="bbox 130 1666 1427 1756; baseline -0.001 -22"><span class='ocrx_word' id='word_1_127' title='bbox 130 1669 164 1734; x_wconf 88' lang='lat' dir='ltr'>in</span> <span class='ocrx_word' id='word_1_128' title='bbox 186 1670 365 1735; x_wconf 88' lang='lat' dir='ltr'>intentione</span> <span class='ocrx_word' id='word_1_129' title='bbox 388 1666 563 1734; x_wconf 89' lang='lat' dir='ltr'>habituros.</span> <span class='ocrx_word' id='word_1_130' title='bbox 607 1667 650 1733; x_wconf 82' lang='lat' dir='ltr'>Et</span> <span class='ocrx_word' id='word_1_131' title='bbox 673 1667 749 1733; x_wconf 88' lang='lat' dir='ltr'>talia</span> <span class='ocrx_word' id='word_1_132' title='bbox 770 1690 836 1732; x_wconf 91' lang='lat' dir='ltr'>non</span> <span class='ocrx_word' id='word_1_133' title='bbox 860 1666 969 1750; x_wconf 90' lang='lat' dir='ltr'>semel,</span> <span class='ocrx_word' id='word_1_134' title='bbox 1001 1667 1058 1731; x_wconf 87' lang='lat' dir='ltr'>sed</span> <span class='ocrx_word' id='word_1_135' title='bbox 1097 1670 1227 1756; x_wconf 89' lang='lat' dir='ltr'>saepius</span> <span class='ocrx_word' id='word_1_136' title='bbox 1249 1669 1293 1735; x_wconf 88' lang='lat' dir='ltr'>de</span> <span class='ocrx_word' id='word_1_137' title='bbox 1315 1670 1378 1736; x_wconf 90' lang='lat' dir='ltr'>illis</span> <span class='ocrx_word' id='word_1_138' title='bbox 1398 1672 1427 1734; x_wconf 93' lang='lat' dir='ltr'>in</span> 
     </span>
     <span class='ocr_line' id='line_1_16' title="bbox 131 1764 1429 1861; baseline 0 -22"><span class='ocrx_word' id='word_1_139' title='bbox 131 1770 271 1841; x_wconf 84' lang='lat' dir='ltr'>ecclesia</span> <span class='ocrx_word' id='word_1_140' title='bbox 303 1768 337 1838; x_wconf 88' lang='lat' dir='ltr'>S.</span> <span class='ocrx_word' id='word_1_141' title='bbox 359 1771 504 1858; x_wconf 87' lang='lat' dir='ltr'>Aegidii,</span> <span class='ocrx_word' id='word_1_142' title='bbox 539 1773 636 1838; x_wconf 89' lang='lat' dir='ltr'>ctiam</span> <span class='ocrx_word' id='word_1_143' title='bbox 669 1774 703 1836; x_wconf 92' lang='lat' dir='ltr'>in</span> <span class='ocrx_word' id='word_1_144' title='bbox 734 1772 885 1860; x_wconf 89' lang='lat' dir='ltr'>primitiis</span> <span class='ocrx_word' id='word_1_145' title='bbox 919 1771 973 1836; x_wconf 89' lang='lat' dir='ltr'>die</span> <span class='ocrx_word' id='word_1_146' title='bbox 1006 1764 1179 1837; x_wconf 82' lang='lat' dir='ltr'>Dominica</span> <span class='ocrx_word' id='word_1_147' title='bbox 1208 1782 1284 1861; x_wconf 91' lang='lat' dir='ltr'>post</span> <span class='ocrx_word' id='word_1_148' title='bbox 1317 1775 1429 1840; x_wconf 88' lang='lat' dir='ltr'>festum</span> 
     </span>
     <span class='ocr_line' id='line_1_17' title="bbox 131 1875 1428 1967; baseline -0.002 -20"><span class='ocrx_word' id='word_1_149' title='bbox 131 1878 166 1947; x_wconf 85' lang='lat' dir='ltr'>S.</span> <span class='ocrx_word' id='word_1_150' title='bbox 188 1877 315 1945; x_wconf 87' lang='lat' dir='ltr'>Nicolai</span> <span class='ocrx_word' id='word_1_151' title='bbox 336 1897 422 1942; x_wconf 85' lang='lat' dir='ltr'>anno</span> <span class='ocrx_word' id='word_1_152' title='bbox 448 1875 544 1959; x_wconf 78' lang='lat'>1527,</span> <span class='ocrx_word' id='word_1_153' title='bbox 581 1900 623 1942; x_wconf 92' lang='lat' dir='ltr'>ne</span> <span class='ocrx_word' id='word_1_154' title='bbox 646 1877 714 1942; x_wconf 91' lang='lat' dir='ltr'>illis</span> <span class='ocrx_word' id='word_1_155' title='bbox 736 1877 809 1963; x_wconf 90' lang='lat' dir='ltr'>plus</span> <span class='ocrx_word' id='word_1_156' title='bbox 833 1898 929 1964; x_wconf 90' lang='lat' dir='ltr'>quam</span> <span class='ocrx_word' id='word_1_157' title='bbox 953 1875 1088 1942; x_wconf 89' lang='lat' dir='ltr'>canibus</span> <span class='ocrx_word' id='word_1_158' title='bbox 1111 1877 1271 1961; x_wconf 89' lang='lat' dir='ltr'>credatur,</span> <span class='ocrx_word' id='word_1_159' title='bbox 1307 1880 1428 1967; x_wconf 88' lang='lat' dir='ltr'>publice</span> 
     </span>
     <span class='ocr_line' id='line_1_18' title="bbox 132 1979 1429 2072; baseline 0 -23"><span class='ocrx_word' id='word_1_160' title='bbox 132 1982 238 2049; x_wconf 76' lang='lat' dir='ltr'>iussim</span> <span class='ocrx_word' id='word_1_161' title='bbox 261 1990 319 2047; x_wconf 83' lang='lat' dir='ltr'>est.</span> <span class='ocrx_word' id='word_1_162' title='bbox 367 1979 568 2070; x_wconf 79' lang='lat' dir='ltr'>Quocunque</span> <span class='ocrx_word' id='word_1_163' title='bbox 592 2004 670 2067; x_wconf 86' lang='lat' dir='ltr'>erge</span> <span class='ocrx_word' id='word_1_164' title='bbox 694 1990 726 2046; x_wconf 88' lang='lat' dir='ltr'>te</span> <span class='ocrx_word' id='word_1_165' title='bbox 747 1982 913 2063; x_wconf 86' lang='lat' dir='ltr'>vertisses,</span> <span class='ocrx_word' id='word_1_166' title='bbox 936 1981 1006 2045; x_wconf 90' lang='lat' dir='ltr'>sive</span> <span class='ocrx_word' id='word_1_167' title='bbox 1028 1980 1152 2069; x_wconf 90' lang='lat' dir='ltr'>aliquid</span> <span class='ocrx_word' id='word_1_168' title='bbox 1175 1992 1230 2048; x_wconf 89' lang='lat' dir='ltr'>aut</span> <span class='ocrx_word' id='word_1_169' title='bbox 1251 1983 1332 2049; x_wconf 92' lang='lat' dir='ltr'>nihil</span> <span class='ocrx_word' id='word_1_170' title='bbox 1355 1987 1429 2072; x_wconf 85' lang='lat' dir='ltr'>egis-</span> 
     </span>
     <span class='ocr_line' id='line_1_19' title="bbox 133 2082 1429 2174; baseline 0.002 -21"><span class='ocrx_word' id='word_1_171' title='bbox 133 2108 196 2171; x_wconf 86' lang='lat' dir='ltr'>ses,</span> <span class='ocrx_word' id='word_1_172' title='bbox 231 2082 411 2174; x_wconf 83' lang='lat' dir='ltr'>aequalitcr</span> <span class='ocrx_word' id='word_1_173' title='bbox 440 2085 527 2151; x_wconf 87' lang='lat' dir='ltr'>mala</span> <span class='ocrx_word' id='word_1_174' title='bbox 549 2085 743 2151; x_wconf 88' lang='lat' dir='ltr'>oriebantur.</span> <span class='ocrx_word' id='word_1_175' title='bbox 788 2085 870 2152; x_wconf 85' lang='lat' dir='ltr'>Cum</span> <span class='ocrx_word' id='word_1_176' title='bbox 904 2084 1022 2149; x_wconf 90' lang='lat' dir='ltr'>deinde</span> <span class='ocrx_word' id='word_1_177' title='bbox 1055 2084 1099 2151; x_wconf 90' lang='lat' dir='ltr'>ad</span> <span class='ocrx_word' id='word_1_178' title='bbox 1121 2086 1279 2174; x_wconf 87' lang='lat' dir='ltr'>quosdam</span> <span class='ocrx_word' id='word_1_179' title='bbox 1302 2088 1429 2156; x_wconf 88' lang='lat' dir='ltr'>clericos</span> 
     </span>
     <span class='ocr_line' id='line_1_20' title="bbox 133 2189 1428 2284; baseline 0.002 -28"><span class='ocrx_word' id='word_1_180' title='bbox 133 2189 174 2256; x_wconf 90' lang='lat' dir='ltr'>de</span> <span class='ocrx_word' id='word_1_181' title='bbox 195 2189 386 2256; x_wconf 90' lang='lat' dir='ltr'>consistorio</span> <span class='ocrx_word' id='word_1_182' title='bbox 409 2199 442 2255; x_wconf 90' lang='lat' dir='ltr'>et</span> <span class='ocrx_word' id='word_1_183' title='bbox 463 2190 544 2255; x_wconf 89' lang='lat' dir='ltr'>alios</span> <span class='ocrx_word' id='word_1_184' title='bbox 566 2189 649 2256; x_wconf 89' lang='lat' dir='ltr'>haec</span> <span class='ocrx_word' id='word_1_185' title='bbox 672 2190 780 2256; x_wconf 89' lang='lat' dir='ltr'>delata</span> <span class='ocrx_word' id='word_1_186' title='bbox 800 2191 939 2257; x_wconf 88' lang='lat' dir='ltr'>fuissent</span> <span class='ocrx_word' id='word_1_187' title='bbox 961 2199 993 2256; x_wconf 89' lang='lat' dir='ltr'>et</span> <span class='ocrx_word' id='word_1_188' title='bbox 1008 2190 1114 2255; x_wconf 85' lang='lat' dir='ltr'>dicta:</span> <span class='ocrx_word' id='word_1_189' title='bbox 1146 2214 1246 2279; x_wconf 86' lang='lat' dir='ltr'>quare</span> <span class='ocrx_word' id='word_1_190' title='bbox 1268 2196 1316 2260; x_wconf 88' lang='lat' dir='ltr'>ita</span> <span class='ocrx_word' id='word_1_191' title='bbox 1339 2198 1428 2284; x_wconf 83' lang='lat' dir='ltr'>agitis</span> 
     </span>
     <span class='ocr_line' id='line_1_21' title="bbox 132 2284 1429 2388; baseline 0.002 -27"><span class='ocrx_word' id='word_1_192' title='bbox 132 2303 165 2361; x_wconf 86' lang='lat' dir='ltr'>et</span> <span class='ocrx_word' id='word_1_193' title='bbox 185 2284 364 2383; x_wconf 88' lang='lat' dir='ltr'>loquimini,</span> <span class='ocrx_word' id='word_1_194' title='bbox 387 2293 518 2383; x_wconf 86' lang='lat' dir='ltr'>ipsimet</span> <span class='ocrx_word' id='word_1_195' title='bbox 538 2295 693 2384; x_wconf 89' lang='lat' dir='ltr'>populum</span> <span class='ocrx_word' id='word_1_196' title='bbox 708 2295 757 2365; x_wconf 85' lang='lat' dir='ltr'>ad</span> <span class='ocrx_word' id='word_1_197' title='bbox 780 2296 898 2361; x_wconf 86' lang='lat' dir='ltr'>similia</span> <span class='ocrx_word' id='word_1_198' title='bbox 919 2294 1121 2379; x_wconf 89' lang='lat' dir='ltr'>inducentes,</span> <span class='ocrx_word' id='word_1_199' title='bbox 1137 2299 1330 2384; x_wconf 85' lang='lat' dir='ltr'>praesertim</span> <span class='ocrx_word' id='word_1_200' title='bbox 1354 2322 1429 2388; x_wconf 88' lang='lat' dir='ltr'>quae</span> 
     </span>
     <span class='ocr_line' id='line_1_22' title="bbox 132 2396 1429 2493; baseline 0.002 -26"><span class='ocrx_word' id='word_1_201' title='bbox 132 2422 186 2467; x_wconf 89' lang='lat' dir='ltr'>res</span> <span class='ocrx_word' id='word_1_202' title='bbox 208 2396 392 2488; x_wconf 88' lang='lat' dir='ltr'>spirituales</span> <span class='ocrx_word' id='word_1_203' title='bbox 408 2398 636 2467; x_wconf 86' lang='lat' dir='ltr'>substantiales</span> <span class='ocrx_word' id='word_1_204' title='bbox 659 2409 873 2486; x_wconf 72' lang='lat' dir='ltr'>concernunt,</span> <span class='ocrx_word' id='word_1_205' title='bbox 897 2401 1221 2493; x_wconf 28' lang='lat' dir='ltr'>item&#39;revocationes</span> <span class='ocrx_word' id='word_1_206' title='bbox 1244 2413 1278 2468; x_wconf 90' lang='lat' dir='ltr'>ct</span> <span class='ocrx_word' id='word_1_207' title='bbox 1299 2404 1429 2470; x_wconf 90' lang='lat' dir='ltr'>instruc·</span> 
     </span>
     <span class='ocr_line' id='line_1_23' title="bbox 132 2502 1428 2594; baseline 0.002 -21"><span class='ocrx_word' id='word_1_208' title='bbox 132 2506 237 2573; x_wconf 85' lang='lat' dir='ltr'>tiones</span> <span class='ocrx_word' id='word_1_209' title='bbox 273 2502 519 2588; x_wconf 89' lang='lat' dir='ltr'>ecclesiasticas,</span> <span class='ocrx_word' id='word_1_210' title='bbox 553 2505 698 2593; x_wconf 87' lang='lat' dir='ltr'>aliasque</span> <span class='ocrx_word' id='word_1_211' title='bbox 728 2527 780 2570; x_wconf 89' lang='lat' dir='ltr'>res</span> <span class='ocrx_word' id='word_1_212' title='bbox 813 2504 993 2591; x_wconf 88' lang='lat' dir='ltr'>intelligitis</span> <span class='ocrx_word' id='word_1_213' title='bbox 1025 2506 1199 2593; x_wconf 85' lang='lat' dir='ltr'>scripturas</span> <span class='ocrx_word' id='word_1_214' title='bbox 1232 2505 1317 2594; x_wconf 87' lang='lat' dir='ltr'>legis</span> <span class='ocrx_word' id='word_1_215' title='bbox 1355 2508 1428 2575; x_wconf 85' lang='lat' dir='ltr'>divi·</span> 
     </span>
     <span class='ocr_line' id='line_1_24' title="bbox 132 2608 1429 2698; baseline -0.001 -21"><span class='ocrx_word' id='word_1_216' title='bbox 132 2632 205 2695; x_wconf 90' lang='lat' dir='ltr'>nae,</span> <span class='ocrx_word' id='word_1_217' title='bbox 239 2609 325 2698; x_wconf 91' lang='lat' dir='ltr'>quod</span> <span class='ocrx_word' id='word_1_218' title='bbox 359 2611 440 2691; x_wconf 85' lang='lat' dir='ltr'>haec</span> <span class='ocrx_word' id='word_1_219' title='bbox 472 2609 543 2675; x_wconf 88' lang='lat' dir='ltr'>fieri</span> <span class='ocrx_word' id='word_1_220' title='bbox 572 2632 637 2676; x_wconf 91' lang='lat' dir='ltr'>non</span> <span class='ocrx_word' id='word_1_221' title='bbox 672 2608 821 2693; x_wconf 84' lang='lat' dir='ltr'>debeant,</span> <span class='ocrx_word' id='word_1_222' title='bbox 856 2618 889 2674; x_wconf 87' lang='lat' dir='ltr'>et</span> <span class='ocrx_word' id='word_1_223' title='bbox 920 2608 1056 2697; x_wconf 87' lang='lat' dir='ltr'>perinde</span> <span class='ocrx_word' id='word_1_224' title='bbox 1078 2608 1225 2675; x_wconf 86' lang='lat' dir='ltr'>homines</span> <span class='ocrx_word' id='word_1_225' title='bbox 1248 2611 1429 2679; x_wconf 88' lang='lat' dir='ltr'>seducatis:</span> 
     </span>
     <span class='ocr_line' id='line_1_25' title="bbox 133 2712 1428 2804; baseline 0.002 -25"><span class='ocrx_word' id='word_1_226' title='bbox 133 2713 381 2802; x_wconf 83' lang='lat' dir='ltr'>responderunt,</span> <span class='ocrx_word' id='word_1_227' title='bbox 418 2714 500 2779; x_wconf 90' lang='lat' dir='ltr'>haec</span> <span class='ocrx_word' id='word_1_228' title='bbox 523 2714 631 2779; x_wconf 90' lang='lat' dir='ltr'>omnia</span> <span class='ocrx_word' id='word_1_229' title='bbox 653 2736 732 2779; x_wconf 86' lang='lat' dir='ltr'>vera</span> <span class='ocrx_word' id='word_1_230' title='bbox 754 2734 826 2779; x_wconf 90' lang='lat' dir='ltr'>esse</span> <span class='ocrx_word' id='word_1_231' title='bbox 850 2714 991 2797; x_wconf 91' lang='lat' dir='ltr'>omnino,</span> <span class='ocrx_word' id='word_1_232' title='bbox 1015 2712 1072 2778; x_wconf 88' lang='lat' dir='ltr'>sed</span> <span class='ocrx_word' id='word_1_233' title='bbox 1095 2713 1182 2801; x_wconf 92' lang='lat' dir='ltr'>quod</span> <span class='ocrx_word' id='word_1_234' title='bbox 1203 2713 1332 2804; x_wconf 83' lang='lat' dir='ltr'>Pragae</span> <span class='ocrx_word' id='word_1_235' title='bbox 1354 2717 1428 2782; x_wconf 89' lang='lat' dir='ltr'>haec</span> 
     </span>
     <span class='ocr_line' id='line_1_26' title="bbox 133 2817 1428 2906; baseline 0.002 -22"><span class='ocrx_word' id='word_1_236' title='bbox 133 2819 180 2884; x_wconf 90' lang='lat' dir='ltr'>ita</span> <span class='ocrx_word' id='word_1_237' title='bbox 201 2817 322 2885; x_wconf 88' lang='lat' dir='ltr'>habere</span> <span class='ocrx_word' id='word_1_238' title='bbox 343 2818 456 2897; x_wconf 88' lang='lat' dir='ltr'>velint,</span> <span class='ocrx_word' id='word_1_239' title='bbox 490 2820 600 2906; x_wconf 89' lang='lat' dir='ltr'>itaque</span> <span class='ocrx_word' id='word_1_240' title='bbox 633 2818 754 2884; x_wconf 86' lang='lat' dir='ltr'>exinde</span> <span class='ocrx_word' id='word_1_241' title='bbox 787 2818 941 2906; x_wconf 90' lang='lat' dir='ltr'>gaudium</span> <span class='ocrx_word' id='word_1_242' title='bbox 976 2829 1008 2884; x_wconf 88' lang='lat' dir='ltr'>et</span> <span class='ocrx_word' id='word_1_243' title='bbox 1029 2823 1130 2887; x_wconf 91' lang='lat' dir='ltr'>risum</span> <span class='ocrx_word' id='word_1_244' title='bbox 1153 2819 1349 2900; x_wconf 75' lang='lat' dir='ltr'>habucrtmt,</span> <span class='ocrx_word' id='word_1_245' title='bbox 1382 2843 1428 2886; x_wconf 90' lang='lat' dir='ltr'>se·</span> 
     </span>
     <span class='ocr_line' id='line_1_27' title="bbox 134 2922 1427 3014; baseline 0.001 -24"><span class='ocrx_word' id='word_1_246' title='bbox 134 2931 269 3012; x_wconf 80' lang='lat' dir='ltr'>quantes</span> <span class='ocrx_word' id='word_1_247' title='bbox 290 2923 325 2988; x_wconf 92' lang='lat' dir='ltr'>in</span> <span class='ocrx_word' id='word_1_248' title='bbox 347 2923 398 2988; x_wconf 89' lang='lat' dir='ltr'>his</span> <span class='ocrx_word' id='word_1_249' title='bbox 421 2923 564 3012; x_wconf 87' lang='lat' dir='ltr'>opifices,</span> <span class='ocrx_word' id='word_1_250' title='bbox 587 2925 642 3009; x_wconf 88' lang='lat' dir='ltr'>qui</span> <span class='ocrx_word' id='word_1_251' title='bbox 666 2925 693 2988; x_wconf 92' lang='lat' dir='ltr'>si</span> <span class='ocrx_word' id='word_1_252' title='bbox 717 2924 797 2988; x_wconf 87' lang='lat' dir='ltr'>solvi</span> <span class='ocrx_word' id='word_1_253' title='bbox 819 2922 944 3007; x_wconf 86' lang='lat' dir='ltr'>volunt,</span> <span class='ocrx_word' id='word_1_254' title='bbox 967 2923 1088 2992; x_wconf 88' lang='lat' dir='ltr'>debent</span> <span class='ocrx_word' id='word_1_255' title='bbox 1109 2925 1229 3014; x_wconf 88' lang='lat' dir='ltr'>populo</span> <span class='ocrx_word' id='word_1_256' title='bbox 1252 2947 1312 3014; x_wconf 91' lang='lat' dir='ltr'>pro</span> <span class='ocrx_word' id='word_1_257' title='bbox 1325 2925 1427 2993; x_wconf 86' lang='lat' dir='ltr'>volun·</span> 
     </span>
     <span class='ocr_line' id='line_1_28' title="bbox 92 3027 1426 3119; baseline -0.001 -24"><span class='ocrx_word' id='word_1_258' title='bbox 92 3064 96 3071; x_wconf 94' lang='lat'><em>·</em></span> <span class='ocrx_word' id='word_1_259' title='bbox 134 3037 199 3107; x_wconf 83' lang='lat' dir='ltr'>tate</span> <span class='ocrx_word' id='word_1_260' title='bbox 221 3036 254 3094; x_wconf 92' lang='lat' dir='ltr'>et</span> <span class='ocrx_word' id='word_1_261' title='bbox 274 3028 657 3117; x_wconf 87' lang='lat' dir='ltr'>beneplacitolaborare,</span> <span class='ocrx_word' id='word_1_262' title='bbox 681 3029 766 3094; x_wconf 90' lang='lat' dir='ltr'>sicut</span> <span class='ocrx_word' id='word_1_263' title='bbox 785 3027 834 3093; x_wconf 93' lang='lat' dir='ltr'>illi</span> <span class='ocrx_word' id='word_1_264' title='bbox 854 3027 977 3108; x_wconf 84' lang='lat' dir='ltr'>volunt,</span> <span class='ocrx_word' id='word_1_265' title='bbox 1001 3050 1119 3119; x_wconf 89' lang='lat' dir='ltr'>nempe</span> <span class='ocrx_word' id='word_1_266' title='bbox 1134 3039 1286 3116; x_wconf 86' lang='lat' dir='ltr'>sartores,</span> <span class='ocrx_word' id='word_1_267' title='bbox 1310 3038 1426 3097; x_wconf 82' lang='lat' dir='ltr'>sutores</span> 
     </span>
     <span class='ocr_line' id='line_1_29' title="bbox 135 3131 1424 3227; baseline -0.002 -27"><span class='ocrx_word' id='word_1_268' title='bbox 135 3141 195 3201; x_wconf 87' lang='lat' dir='ltr'>eto.</span> <span class='ocrx_word' id='word_1_269' title='bbox 220 3142 253 3199; x_wconf 91' lang='lat' dir='ltr'>et</span> <span class='ocrx_word' id='word_1_270' title='bbox 285 3133 352 3201; x_wconf 87' lang='lat' dir='ltr'>alii.</span> <span class='ocrx_word' id='word_1_271' title='bbox 395 3132 479 3198; x_wconf 90' lang='lat' dir='ltr'>Item</span> <span class='ocrx_word' id='word_1_272' title='bbox 516 3131 633 3198; x_wconf 88' lang='lat' dir='ltr'>musici</span> <span class='ocrx_word' id='word_1_273' title='bbox 666 3131 858 3198; x_wconf 84' lang='lat' dir='ltr'>saltantibus</span> <span class='ocrx_word' id='word_1_274' title='bbox 889 3156 948 3222; x_wconf 90' lang='lat' dir='ltr'>pro</span> <span class='ocrx_word' id='word_1_275' title='bbox 982 3132 1078 3201; x_wconf 87' lang='lat' dir='ltr'>libitu</span> <span class='ocrx_word' id='word_1_276' title='bbox 1109 3136 1272 3227; x_wconf 85' lang='lat' dir='ltr'>inservire</span> <span class='ocrx_word' id='word_1_277' title='bbox 1306 3135 1424 3218; x_wconf 88' lang='lat' dir='ltr'>debent,</span> 
     </span>
     <span class='ocr_line' id='line_1_30' title="bbox 135 3232 1424 3329; baseline -0.002 -23"><span class='ocrx_word' id='word_1_278' title='bbox 135 3246 168 3306; x_wconf 88' lang='lat' dir='ltr'>et</span> <span class='ocrx_word' id='word_1_279' title='bbox 188 3237 319 3306; x_wconf 90' lang='lat' dir='ltr'>modum</span> <span class='ocrx_word' id='word_1_280' title='bbox 341 3237 428 3304; x_wconf 92' lang='lat' dir='ltr'>hunc</span> <span class='ocrx_word' id='word_1_281' title='bbox 451 3245 634 3323; x_wconf 88' lang='lat' dir='ltr'>sequantur.</span> <span class='ocrx_word' id='word_1_282' title='bbox 681 3235 731 3302; x_wconf 91' lang='lat' dir='ltr'>Ita</span> <span class='ocrx_word' id='word_1_283' title='bbox 754 3237 850 3302; x_wconf 88' lang='lat' dir='ltr'>etiam</span> <span class='ocrx_word' id='word_1_284' title='bbox 873 3237 956 3305; x_wconf 84' lang='lat' dir='ltr'>tales</span> <span class='ocrx_word' id='word_1_285' title='bbox 991 3238 1102 3304; x_wconf 89' lang='lat' dir='ltr'>clerici</span> <span class='ocrx_word' id='word_1_286' title='bbox 1123 3232 1239 3329; x_wconf 85' lang='lat' dir='ltr'>aptant</span> <span class='ocrx_word' id='word_1_287' title='bbox 1259 3238 1359 3307; x_wconf 88' lang='lat' dir='ltr'>fidem</span> <span class='ocrx_word' id='word_1_288' title='bbox 1378 3240 1424 3306; x_wconf 94' lang='lat' dir='ltr'>ho·</span> 
     </span>
     <span class='ocr_line' id='line_1_31' title="bbox 134 3340 1423 3432; baseline -0.002 -22"><span class='ocrx_word' id='word_1_289' title='bbox 134 3343 287 3428; x_wconf 91' lang='lat' dir='ltr'>minibus,</span> <span class='ocrx_word' id='word_1_290' title='bbox 322 3341 399 3409; x_wconf 91' lang='lat' dir='ltr'>dum</span> <span class='ocrx_word' id='word_1_291' title='bbox 432 3342 553 3425; x_wconf 87' lang='lat' dir='ltr'>volunt,</span> <span class='ocrx_word' id='word_1_292' title='bbox 590 3364 650 3429; x_wconf 89' lang='lat' dir='ltr'>pro</span> <span class='ocrx_word' id='word_1_293' title='bbox 678 3340 845 3408; x_wconf 81' lang='lat' dir='ltr'>voluntate</span> <span class='ocrx_word' id='word_1_294' title='bbox 861 3344 898 3409; x_wconf 86' lang='lat' dir='ltr'>¹et</span> <span class='ocrx_word' id='word_1_295' title='bbox 919 3342 1126 3432; x_wconf 87' lang='lat' dir='ltr'>beneplacito</span> <span class='ocrx_word' id='word_1_296' title='bbox 1156 3344 1336 3432; x_wconf 90' lang='lat' dir='ltr'>hominum,</span> <span class='ocrx_word' id='word_1_297' title='bbox 1369 3365 1423 3410; x_wconf 92' lang='lat' dir='ltr'>non</span> 
     </span>
     <span class='ocr_line' id='line_1_32' title="bbox 136 3445 1422 3541; baseline -0.001 -27"><span class='ocrx_word' id='word_1_298' title='bbox 136 3449 221 3516; x_wconf 89' lang='lat' dir='ltr'>sicut</span> <span class='ocrx_word' id='word_1_299' title='bbox 241 3448 333 3516; x_wconf 89' lang='lat' dir='ltr'>Deus</span> <span class='ocrx_word' id='word_1_300' title='bbox 356 3447 524 3537; x_wconf 87' lang='lat' dir='ltr'>praecipit,</span> <span class='ocrx_word' id='word_1_301' title='bbox 548 3445 589 3512; x_wconf 89' lang='lat' dir='ltr'>de</span> <span class='ocrx_word' id='word_1_302' title='bbox 612 3446 704 3534; x_wconf 90' lang='lat' dir='ltr'>cujus</span> <span class='ocrx_word' id='word_1_303' title='bbox 726 3446 893 3513; x_wconf 88' lang='lat' dir='ltr'>voluntate</span> <span class='ocrx_word' id='word_1_304' title='bbox 916 3455 948 3514; x_wconf 89' lang='lat' dir='ltr'>et</span> <span class='ocrx_word' id='word_1_305' title='bbox 968 3458 1143 3538; x_wconf 87' lang='lat' dir='ltr'>praecepto</span> <span class='ocrx_word' id='word_1_306' title='bbox 1166 3471 1336 3541; x_wconf 89' lang='lat' dir='ltr'>nunquam</span> <span class='ocrx_word' id='word_1_307' title='bbox 1348 3470 1422 3516; x_wconf 90' lang='lat' dir='ltr'>men·</span> 
     </span>
     <span class='ocr_line' id='line_1_33' title="bbox 136 3550 1224 3621; baseline -0.01 0"><span class='ocrx_word' id='word_1_308' title='bbox 136 3554 182 3621; x_wconf 88' lang='lat' dir='ltr'>tio</span> <span class='ocrx_word' id='word_1_309' title='bbox 204 3552 290 3619; x_wconf 84' lang='lat' dir='ltr'>facta</span> <span class='ocrx_word' id='word_1_310' title='bbox 311 3550 382 3618; x_wconf 86' lang='lat' dir='ltr'>fuit</span> <span class='ocrx_word' id='word_1_311' title='bbox 1221 3574 1224 3579; x_wconf 96' lang='lat'>·</span> 
     </span>
    </p>

    <p class='ocr_par' dir='ltr' id='par_1_3' title="bbox 101 3653 1468 4837">
     <span class='ocr_line' id='line_1_34' title="bbox 167 3653 1419 3750; baseline -0.005 -25"><span class='ocrx_word' id='word_1_312' title='bbox 167 3668 169 3673; x_wconf 82' lang='grc'>’</span> <span class='ocrx_word' id='word_1_313' title='bbox 221 3656 439 3725; x_wconf 83' lang='lat' dir='ltr'>Omaledicti</span> <span class='ocrx_word' id='word_1_314' title='bbox 470 3653 545 3721; x_wconf 85' lang='lat' dir='ltr'>falsi</span> <span class='ocrx_word' id='word_1_315' title='bbox 565 3653 753 3743; x_wconf 87' lang='lat' dir='ltr'>prophetae,</span> <span class='ocrx_word' id='word_1_316' title='bbox 787 3657 841 3743; x_wconf 93' lang='lat' dir='ltr'>qui</span> <span class='ocrx_word' id='word_1_317' title='bbox 863 3679 923 3723; x_wconf 84' lang='lat' dir='ltr'>vos</span> <span class='ocrx_word' id='word_1_318' title='bbox 946 3658 1132 3724; x_wconf 89' lang='lat' dir='ltr'>assimilatis</span> <span class='ocrx_word' id='word_1_319' title='bbox 1154 3658 1326 3750; x_wconf 87' lang='lat' dir='ltr'>prophetis</span> <span class='ocrx_word' id='word_1_320' title='bbox 1346 3657 1419 3745; x_wconf 85' lang='lat' dir='ltr'>regis</span> 
     </span>
     <span class='ocr_line' id='line_1_35' title="bbox 135 3756 1419 3853; baseline -0.003 -22"><span class='ocrx_word' id='word_1_321' title='bbox 135 3762 263 3849; x_wconf 87' lang='lat' dir='ltr'>Achab,</span> <span class='ocrx_word' id='word_1_322' title='bbox 286 3771 319 3829; x_wconf 89' lang='lat' dir='ltr'>ct</span> <span class='ocrx_word' id='word_1_323' title='bbox 340 3762 428 3850; x_wconf 82' lang='lat' dir='ltr'>regis</span> <span class='ocrx_word' id='word_1_324' title='bbox 453 3756 642 3828; x_wconf 74' lang='lat' dir='ltr'>sedechiae.</span> <span class='ocrx_word' id='word_1_325' title='bbox 688 3760 845 3850; x_wconf 81' lang='lat' dir='ltr'>Adeoque</span> <span class='ocrx_word' id='word_1_326' title='bbox 867 3786 926 3851; x_wconf 88' lang='lat' dir='ltr'>per</span> <span class='ocrx_word' id='word_1_327' title='bbox 947 3764 1131 3853; x_wconf 87' lang='lat' dir='ltr'>voluptates</span> <span class='ocrx_word' id='word_1_328' title='bbox 1169 3773 1284 3833; x_wconf 89' lang='lat' dir='ltr'>contra</span> <span class='ocrx_word' id='word_1_329' title='bbox 1306 3762 1419 3834; x_wconf 91' lang='lat' dir='ltr'>consci-</span> 
     </span>
     <span class='ocr_line' id='line_1_36' title="bbox 135 3860 1468 3959; baseline -0.003 -22"><span class='ocrx_word' id='word_1_330' title='bbox 135 3860 256 3938; x_wconf 82' lang='lat' dir='ltr'>entiam</span> <span class='ocrx_word' id='word_1_331' title='bbox 278 3891 370 3934; x_wconf 88' lang='lat' dir='ltr'>suam</span> <span class='ocrx_word' id='word_1_332' title='bbox 391 3867 521 3957; x_wconf 90' lang='lat' dir='ltr'>publice</span> <span class='ocrx_word' id='word_1_333' title='bbox 557 3867 628 3932; x_wconf 89' lang='lat' dir='ltr'>ausi</span> <span class='ocrx_word' id='word_1_334' title='bbox 650 3875 726 3933; x_wconf 89' lang='lat' dir='ltr'>sunt</span> <span class='ocrx_word' id='word_1_335' title='bbox 747 3867 903 3933; x_wconf 88' lang='lat' dir='ltr'>seducere</span> <span class='ocrx_word' id='word_1_336' title='bbox 936 3869 1083 3935; x_wconf 85' lang='lat' dir='ltr'>homines</span> <span class='ocrx_word' id='word_1_337' title='bbox 1116 3871 1151 3935; x_wconf 92' lang='lat' dir='ltr'>in</span> <span class='ocrx_word' id='word_1_338' title='bbox 1173 3874 1364 3959; x_wconf 89' lang='lat' dir='ltr'>perniciem,</span> <span class='ocrx_word' id='word_1_339' title='bbox 1391 3869 1419 3933; x_wconf 92' lang='lat' dir='ltr'>in</span> <span class='ocrx_word' id='word_1_340' title='bbox 1466 3902 1468 3907; x_wconf 36' lang='lat' dir='ltr'>v</span> 
     </span>
     <span class='ocr_line' id='line_1_37' title="bbox 136 3970 1420 4064; baseline -0.005 -21"><span class='ocrx_word' id='word_1_341' title='bbox 136 3982 202 4064; x_wconf 86' lang='lat' dir='ltr'>qua</span> <span class='ocrx_word' id='word_1_342' title='bbox 229 3972 395 4064; x_wconf 85' lang='lat' dir='ltr'>hypocrisi</span> <span class='ocrx_word' id='word_1_343' title='bbox 417 3971 508 4037; x_wconf 90' lang='lat' dir='ltr'>multi</span> <span class='ocrx_word' id='word_1_344' title='bbox 533 3971 665 4038; x_wconf 88' lang='lat' dir='ltr'>eosdem</span> <span class='ocrx_word' id='word_1_345' title='bbox 699 3982 928 4059; x_wconf 82' lang='lat' dir='ltr'>cognoverunt.</span> <span class='ocrx_word' id='word_1_346' title='bbox 976 3974 1065 4040; x_wconf 92' lang='lat' dir='ltr'>Dum</span> <span class='ocrx_word' id='word_1_347' title='bbox 1088 3970 1232 4043; x_wconf 86' lang='lat' dir='ltr'>enimin</span> <span class='ocrx_word' id='word_1_348' title='bbox 1255 3976 1376 4044; x_wconf 89' lang='lat' dir='ltr'>occulto</span> <span class='ocrx_word' id='word_1_349' title='bbox 1394 3978 1420 4037; x_wconf 88' lang='lat' dir='ltr'>et</span> 
     </span>
     <span class='ocr_line' id='line_1_38' title="bbox 133 4068 1420 4167; baseline -0.001 -23"><span class='ocrx_word' id='word_1_350' title='bbox 133 4087 274 4167; x_wconf 76' lang='lat' dir='ltr'>angusto</span> <span class='ocrx_word' id='word_1_351' title='bbox 299 4077 447 4145; x_wconf 87' lang='lat' dir='ltr'>conclavi</span> <span class='ocrx_word' id='word_1_352' title='bbox 470 4075 601 4164; x_wconf 89' lang='lat' dir='ltr'>quidam</span> <span class='ocrx_word' id='word_1_353' title='bbox 625 4098 698 4142; x_wconf 92' lang='lat' dir='ltr'>cum</span> <span class='ocrx_word' id='word_1_354' title='bbox 720 4077 837 4143; x_wconf 88' lang='lat' dir='ltr'>iisdem</span> <span class='ocrx_word' id='word_1_355' title='bbox 860 4077 1042 4145; x_wconf 88' lang='lat' dir='ltr'>discursum</span> <span class='ocrx_word' id='word_1_356' title='bbox 1063 4068 1215 4165; x_wconf 86' lang='lat' dir='ltr'>inierunt,</span> <span class='ocrx_word' id='word_1_357' title='bbox 1240 4084 1331 4149; x_wconf 90' lang='lat' dir='ltr'>omni</span> <span class='ocrx_word' id='word_1_358' title='bbox 1350 4078 1420 4146; x_wconf 87' lang='lat' dir='ltr'>veri·</span> 
     </span>
     <span class='ocr_line' id='line_1_39' title="bbox 135 4183 1420 4276; baseline 0.003 -29"><span class='ocrx_word' id='word_1_359' title='bbox 135 4187 194 4250; x_wconf 82' lang='lat' dir='ltr'>tati</span> <span class='ocrx_word' id='word_1_360' title='bbox 214 4185 299 4272; x_wconf 86' lang='lat' dir='ltr'>legis</span> <span class='ocrx_word' id='word_1_361' title='bbox 321 4184 452 4253; x_wconf 86' lang='lat' dir='ltr'>divinae</span> <span class='ocrx_word' id='word_1_362' title='bbox 474 4184 581 4257; x_wconf 86' lang='lat' dir='ltr'>locum</span> <span class='ocrx_word' id='word_1_363' title='bbox 604 4183 772 4271; x_wconf 85' lang='lat' dir='ltr'>dederunt,</span> <span class='ocrx_word' id='word_1_364' title='bbox 797 4198 828 4251; x_wconf 88' lang='lat' dir='ltr'>et</span> <span class='ocrx_word' id='word_1_365' title='bbox 851 4187 1087 4255; x_wconf 87' lang='lat' dir='ltr'>confirmabant</span> <span class='ocrx_word' id='word_1_366' title='bbox 1107 4187 1173 4255; x_wconf 90' lang='lat' dir='ltr'>illis</span> <span class='ocrx_word' id='word_1_367' title='bbox 1195 4193 1318 4275; x_wconf 88' lang='lat' dir='ltr'>omnia,</span> <span class='ocrx_word' id='word_1_368' title='bbox 1352 4186 1420 4276; x_wconf 90' lang='lat' dir='ltr'>ipsi·</span> 
     </span>
     <span class='ocr_line' id='line_1_40' title="bbox 135 4286 1420 4379; baseline -0.001 -24"><span class='ocrx_word' id='word_1_369' title='bbox 135 4296 203 4355; x_wconf 86' lang='lat' dir='ltr'>met</span> <span class='ocrx_word' id='word_1_370' title='bbox 223 4286 465 4357; x_wconf 88' lang='lat' dir='ltr'>contemnentes</span> <span class='ocrx_word' id='word_1_371' title='bbox 493 4290 660 4379; x_wconf 88' lang='lat' dir='ltr'>proposita</span> <span class='ocrx_word' id='word_1_372' title='bbox 690 4313 766 4376; x_wconf 76' lang='lat' dir='ltr'>sua3</span> <span class='ocrx_word' id='word_1_373' title='bbox 804 4292 837 4355; x_wconf 92' lang='lat' dir='ltr'>in</span> <span class='ocrx_word' id='word_1_374' title='bbox 871 4291 1019 4358; x_wconf 89' lang='lat' dir='ltr'>ecclesiis</span> <span class='ocrx_word' id='word_1_375' title='bbox 1052 4316 1129 4361; x_wconf 88' lang='lat' dir='ltr'>vero</span> <span class='ocrx_word' id='word_1_376' title='bbox 1162 4316 1239 4363; x_wconf 86' lang='lat' dir='ltr'>cum</span> <span class='ocrx_word' id='word_1_377' title='bbox 1273 4292 1420 4362; x_wconf 88' lang='lat' dir='ltr'>similibus</span> 
     </span>
     <span class='ocr_line' id='line_1_41' title="bbox 101 4386 1424 4485; baseline 0.002 -28"><span class='ocrx_word' id='word_1_378' title='bbox 101 4408 108 4422; x_wconf 64' lang='lat'>‘</span> <span class='ocrx_word' id='word_1_379' title='bbox 136 4386 301 4483; x_wconf 86' lang='lat' dir='ltr'>nunquam</span> <span class='ocrx_word' id='word_1_380' title='bbox 323 4396 357 4461; x_wconf 84' lang='lat' dir='ltr'>in</span> <span class='ocrx_word' id='word_1_381' title='bbox 380 4395 486 4463; x_wconf 89' lang='lat' dir='ltr'>lucem</span> <span class='ocrx_word' id='word_1_382' title='bbox 507 4394 639 4483; x_wconf 89' lang='lat' dir='ltr'>prodire</span> <span class='ocrx_word' id='word_1_383' title='bbox 660 4394 841 4475; x_wconf 84' lang='lat' dir='ltr'>voluerunt,</span> <span class='ocrx_word' id='word_1_384' title='bbox 875 4398 951 4485; x_wconf 90' lang='lat' dir='ltr'>quia</span> <span class='ocrx_word' id='word_1_385' title='bbox 972 4397 1058 4463; x_wconf 90' lang='lat' dir='ltr'>mala</span> <span class='ocrx_word' id='word_1_386' title='bbox 1080 4398 1212 4465; x_wconf 90' lang='lat' dir='ltr'>illorum</span> <span class='ocrx_word' id='word_1_387' title='bbox 1236 4397 1424 4467; x_wconf 87' lang='lat' dir='ltr'>conscicntia</span> 
     </span>
     <span class='ocr_line' id='line_1_42' title="bbox 137 4496 1424 4591; baseline 0.002 -28"><span class='ocrx_word' id='word_1_388' title='bbox 137 4518 193 4563; x_wconf 89' lang='lat' dir='ltr'>eos</span> <span class='ocrx_word' id='word_1_389' title='bbox 214 4496 426 4586; x_wconf 89' lang='lat' dir='ltr'>impediebat,</span> <span class='ocrx_word' id='word_1_390' title='bbox 461 4500 527 4566; x_wconf 92' lang='lat' dir='ltr'>imo</span> <span class='ocrx_word' id='word_1_391' title='bbox 549 4499 584 4565; x_wconf 93' lang='lat' dir='ltr'>in</span> <span class='ocrx_word' id='word_1_392' title='bbox 607 4498 757 4566; x_wconf 92' lang='lat' dir='ltr'>omnibus</span> <span class='ocrx_word' id='word_1_393' title='bbox 781 4509 918 4589; x_wconf 88' lang='lat' dir='ltr'>excepta</span> <span class='ocrx_word' id='word_1_394' title='bbox 939 4502 1085 4587; x_wconf 86' lang='lat' dir='ltr'>veritate,</span> <span class='ocrx_word' id='word_1_395' title='bbox 1123 4502 1329 4591; x_wconf 84' lang='lat' dir='ltr'>adjuverunt</span> <span class='ocrx_word' id='word_1_396' title='bbox 1370 4500 1424 4568; x_wconf 85' lang='lat' dir='ltr'>Tu·</span> 
     </span>
     <span class='ocr_line' id='line_1_43' title="bbox 136 4602 1428 4696; baseline 0.002 -29"><span class='ocrx_word' id='word_1_397' title='bbox 136 4604 331 4689; x_wconf 59' lang='lat' dir='ltr'>tumncjest,</span> <span class='ocrx_word' id='word_1_398' title='bbox 353 4627 373 4670; x_wconf 91' lang='lat' dir='ltr'>a</span> <span class='ocrx_word' id='word_1_399' title='bbox 394 4603 513 4671; x_wconf 84' lang='lat' dir='ltr'>talibus</span> <span class='ocrx_word' id='word_1_400' title='bbox 536 4605 607 4692; x_wconf 89' lang='lat' dir='ltr'>regi</span> <span class='ocrx_word' id='word_1_401' title='bbox 628 4603 822 4696; x_wconf 89' lang='lat' dir='ltr'>pastoribus,</span> <span class='ocrx_word' id='word_1_402' title='bbox 847 4615 878 4671; x_wconf 88' lang='lat' dir='ltr'>et</span> <span class='ocrx_word' id='word_1_403' title='bbox 911 4607 1034 4672; x_wconf 89' lang='lat' dir='ltr'>animas</span> <span class='ocrx_word' id='word_1_404' title='bbox 1058 4629 1133 4672; x_wconf 90' lang='lat' dir='ltr'>suas</span> <span class='ocrx_word' id='word_1_405' title='bbox 1164 4608 1212 4673; x_wconf 91' lang='lat' dir='ltr'>eis</span> <span class='ocrx_word' id='word_1_406' title='bbox 1236 4602 1428 4675; x_wconf 85' lang='lat' dir='ltr'>committere</span> 
     </span>
     <span class='ocr_line' id='line_1_44' title="bbox 138 4704 1430 4837; baseline 0.006 -66"><span class='ocrx_word' id='word_1_407' title='bbox 138 4714 171 4774; x_wconf 83' lang='lat' dir='ltr'>et</span> <span class='ocrx_word' id='word_1_408' title='bbox 193 4704 378 4775; x_wconf 83' lang='lat' dir='ltr'>confidere?</span> <span class='ocrx_word' id='word_1_409' title='bbox 412 4708 488 4774; x_wconf 85' lang='lat' dir='ltr'>Non</span> <span class='ocrx_word' id='word_1_410' title='bbox 520 4717 644 4799; x_wconf 90' lang='lat' dir='ltr'>tantum</span> <span class='ocrx_word' id='word_1_411' title='bbox 679 4712 838 4797; x_wconf 87' lang='lat' dir='ltr'>scriptura</span> <span class='ocrx_word' id='word_1_412' title='bbox 871 4733 973 4790; x_wconf 88' lang='lat' dir='ltr'>sacra,</span> <span class='ocrx_word' id='word_1_413' title='bbox 1009 4711 1067 4837; x_wconf 63' lang='lat' dir='ltr'>sed</span> <span class='ocrx_word' id='word_1_414' title='bbox 1092 4721 1123 4777; x_wconf 89' lang='lat' dir='ltr'>et</span> <span class='ocrx_word' id='word_1_415' title='bbox 1146 4734 1227 4781; x_wconf 82' lang='lat' dir='ltr'>suna</span> <span class='ocrx_word' id='word_1_416' title='bbox 1247 4715 1332 4783; x_wconf 87' lang='lat' dir='ltr'>ratio</span> <span class='ocrx_word' id='word_1_417' title='bbox 1364 4712 1430 4782; x_wconf 85' lang='lat' dir='ltr'>huic</span> 
     </span>
    </p>
   </div>
   <div class='ocr_carea' id='block_1_3' title="bbox 0 0 1486 5086">
    <p class='ocr_par' dir='ltr' id='par_1_4' title="bbox 0 0 1486 5086">
     <span class='ocr_line' id='line_1_45' title="bbox 0 0 1486 5086; baseline 0 0"><span class='ocrx_word' id='word_1_418' title='bbox 0 0 1486 5086; x_wconf 95' lang='lat' dir='ltr'> </span> 
     </span>
    </p>
   </div>
  </div>
 </body>
</html>
