2946 5086
87 138 151 207 256

88 310 130 377 de
150 309 217 375 illis
238 315 374 397 quatuor
394 307 551 393 personis,
574 304 661 393 quod
683 281 849 392 hucusque
871 306 1074 390 exspectent,
1095 320 1140 364 an
1161 300 1238 369 illos
1261 300 1371 368 audire

87 413 198 497 velint,
221 412 273 479 cui
287 411 361 501 jam
380 408 507 476 Passek
527 432 593 477 non
615 409 820 493 contradixit,
844 428 919 474 oum
939 410 1008 492 jam
1024 416 1238 493 compunctus
1259 406 1369 492 fuerit5

89 518 148 584 sed
185 515 315 606 quidum
348 514 390 581 de
421 514 517 581 turba
536 513 634 594 illius,
657 515 779 581 Paulus
801 513 941 580 rotarius
964 517 996 576 et
1016 508 1186 577 Lannman
1209 535 1286 578 cum
1307 511 1374 579 aliis

89 619 281 711 quibusdam
301 621 425 709 paucis,
448 621 559 706 exigui
579 620 706 686 numeri
729 618 792 685 sibi
826 617 1027 706 aequalibus,
1049 615 1245 703 inceperunt
1267 640 1303 684 se
1324 640 1373 706 op·

87 747 209 816 ponere
230 734 341 793 contra
362 748 490 794 omnem
507 726 678 814 justitiam,
699 747 765 791 non
787 723 978 794 exhibentes
998 726 1041 793 ad
1070 728 1151 794 haec
1181 727 1373 794 sufficientes

89 853 213 898 causas.
236 830 325 897 Dum
347 853 425 899 vero
442 831 541 920 juste,
563 828 673 896 debite
694 838 727 895 et
746 828 924 918 prudenter
946 851 981 895 se
1003 854 1169 920 opponere
1184 841 1370 921 nonpotue·

87 937 162 1019 rint,
187 936 245 1003 sed
276 936 380 1003 solum
412 958 551 1003 accensa
582 958 641 1000 sua
660 935 766 1023 prima
798 934 890 1001 rabie
912 934 993 1002 haec
1024 937 1186 1025 impedire
1207 938 1370 1022 voluerint,

90 1045 235 1130 exceptis
258 1063 335 1129 crgo
356 1042 408 1107 his
431 1063 542 1108 omnes
565 1040 683 1129 reliqui
704 1042 739 1107 in
762 1041 990 1108 communitate
1018 1051 1210 1130 praesentes
1248 1065 1369 1133 respon·

89 1144 214 1232 derunt,
237 1145 404 1213 dicentes:
429 1145 465 1212 Si
486 1167 546 1212 nos
568 1145 720 1212 meliores
742 1145 816 1213 Deo
840 1168 960 1229 sumus,
983 1146 1103 1213 stillae
1113 1170 1278 1236 personae
1292 1149 1368 1237 pejo-

88 1272 140 1317 res
163 1250 330 1335 daemone,
353 1273 431 1338 ergo
453 1250 526 1317 illos
548 1273 614 1318 non
636 1249 821 1336 audiamus3
845 1252 964 1318 scimus
986 1260 1105 1338 autem,
1120 1252 1209 1341 quod
1227 1255 1369 1322 meliores

88 1379 158 1443 nos,
179 1378 285 1444 neque
306 1365 373 1422 tam
394 1356 472 1423 boni
495 1356 604 1440 simus,
627 1365 659 1423 et
678 1355 728 1422 illi
749 1357 847 1421 etiam
867 1356 996 1444 pejores
1025 1355 1185 1425 daemone
1206 1380 1275 1426 non
1295 1360 1369 1458 sint3

89 1484 158 1527 cum
180 1463 280 1548 igitur
301 1461 393 1530 Deus
423 1461 614 1527 daemonem
650 1460 821 1545 audiverit,
854 1483 913 1527 our
949 1461 1048 1526 etiam
1068 1483 1130 1527 nos
1153 1461 1228 1528 illos
1266 1462 1369 1529 audire

88 1588 154 1632 non
176 1565 377 1632 deberemus.
419 1564 482 1631 His
519 1565 614 1632 dictis
636 1564 745 1630 statim
766 1563 839 1631 illos
870 1563 913 1631 ad
945 1567 1211 1633 communitatem
1234 1567 1369 1633 intromi-

89 1679 207 1753 serunt,
251 1667 308 1734 ubi
351 1667 561 1735 advenientes
597 1666 645 1733 illi
681 1676 818 1756 quatuor
850 1666 963 1734 exules
1007 1690 1117 1735 coram
1139 1669 1292 1737 omnibus
1313 1692 1369 1738 ser-

90 1794 220 1841 monem
241 1771 444 1862 protulerunt
465 1795 524 1863 per
546 1771 713 1839 dominum
733 1772 895 1840 Joannem
917 1771 1061 1860 Hlawsa,
1084 1773 1147 1841 hoc
1170 1796 1286 1842 sensu:

619 1998 769 2067 oAPUT
781 1999 842 2066 27.

89 2196 153 2259 Ubi
174 2197 352 2270 insinuatur,
375 2214 450 2272 quae
471 2196 516 2257 illi
548 2197 651 2256 exules
686 2216 786 2257 coram
809 2196 1020 2257 communitate
1052 2196 1135 2257 urbis
1159 2196 1281 2258 Veteris
1313 2217 1372 2276 pro

89 2284 255 2362 posuerint,
278 2286 367 2362 quale
389 2284 479 2342 etiam
501 2302 679 2360 responsum
701 2303 720 2342 a
742 2279 953 2343 communitate
974 2284 1017 2343 eis
1041 2285 1145 2344 datum
1166 2283 1267 2359 fuerit,
1302 2288 1373 2362 quod

89 2371 136 2448 illi
159 2371 291 2447 Passek,
312 2380 341 2431 et
361 2371 416 2431 toti
438 2371 502 2448 ejus
523 2372 630 2430 turbae
652 2377 772 2448 gratnm
794 2369 898 2429 andire
919 2390 979 2431 non
1001 2370 1068 2444 fuit,
1093 2380 1123 2432 et
1145 2390 1237 2448 quem
1260 2375 1374 2434 honeste

546 2457 659 2517 eisdem
681 2456 774 2516 locuti
795 2451 915 2516 fuerint.

175 2608 253 2676 Gari
274 2607 398 2675 domini
421 2618 481 2674 etc.
493 2607 760 2675 Desideravimus
776 2608 848 2696 jam
869 2606 967 2694 longo
989 2613 1145 2696 tempore,
1168 2611 1263 2678 utin
1291 2633 1373 2700 prae

92 2715 196 2779 sentia
217 2722 250 2779 et
271 2721 432 2785 conventu
465 2721 575 2780 vestro
597 2711 757 2802 colloquio
779 2712 843 2778 frui
864 2711 1044 2799 possimus3
1069 2734 1089 2779 a
1110 2712 1209 2801 longo
1236 2724 1373 2805 tempore

90 2841 168 2886 vero
190 2817 272 2884 illud
294 2818 441 2885 obtinere
461 2839 528 2884 non
549 2819 721 2906 potuimus.
767 2814 849 2883 Cum
870 2816 971 2902 igitur
991 2837 1077 2883 nune
1099 2817 1142 2883 ad
1164 2818 1249 2887 baec
1271 2843 1372 2888 assen-

92 2945 163 2988 sum
186 2921 429 3007 obtinuerimus,
451 2944 613 3010 rogamus,
635 2930 671 2988 ut
691 2943 752 2988 nos
774 2918 909 3009 pacifice
931 2929 964 2987 et
985 2921 1200 2991 amicabiliter
1234 2925 1373 2992 audiatis.

90 3027 163 3094 Non
198 3025 394 3093 intendimus
431 3035 535 3093 autem
555 3026 657 3093 multa
678 3025 777 3114 loqui,
801 3033 834 3091 et
868 3028 1024 3113 conqueri
1046 3026 1088 3094 de
1110 3028 1173 3113 his,
1197 3052 1284 3118 quae
1306 3053 1370 3097 con-

90 3141 140 3198 tra
161 3153 221 3197 nos
241 3132 276 3197 in
298 3131 360 3197 hac
371 3132 502 3198 civitate
517 3132 651 3219 egerint,
664 3138 696 3196 et
716 3129 829 3217 quales
852 3131 1082 3197 commotiones
1105 3136 1373 3217 exortaefuerint,

90 3245 145 3303 aut
166 3235 326 3324 quomodo
348 3243 493 3302 nostrum
525 3236 668 3302 omnium
700 3235 885 3300 honestates
916 3233 1024 3301 laesae
1055 3235 1185 3322 fuerint,
1225 3240 1286 3307 illa
1306 3239 1371 3306 ubi·

90 3363 153 3430 que
175 3340 350 3424 dilatando,
374 3363 456 3430 quae
479 3341 588 3407 omnia
609 3339 702 3408 vobis
724 3341 844 3428 optime
866 3346 943 3405 nota
966 3349 1049 3425 sunt,
1088 3364 1157 3408 non
1196 3342 1373 3413 dubitamus

90 3448 197 3534 etiarn,
220 3450 299 3538 quin
319 3449 378 3515 illa
399 3471 486 3514 nunc
521 3449 646 3532 melius,
684 3469 779 3536 quam
801 3453 896 3510 autea
931 3444 1131 3532 intelligatis.
1183 3448 1266 3516 Post
1302 3471 1372 3536 quas

90 3557 322 3621 commotiones
358 3577 419 3621 rex
440 3552 626 3621 Ludovicus
648 3553 753 3621 felicis
788 3548 1021 3616 recordationis
1043 3551 1275 3621 informatione
1296 3555 1371 3621 alio-

90 3681 162 3724 rum
183 3659 357 3744 intellecta,
379 3657 475 3725 nobis
496 3657 672 3747 praecepit,
705 3666 741 3722 ut
761 3656 879 3723 nostris
902 3654 1051 3721 omnibus
1072 3655 1170 3724 bonis
1194 3658 1373 3741 divenditis,

91 3786 110 3831 e
140 3763 325 3832 civitatibus
358 3763 409 3829 his
430 3785 491 3829 nos
512 3763 577 3830 alio
611 3762 824 3830 conferamus.
879 3763 946 3831 Sua
977 3761 1082 3846 Regia
1114 3761 1274 3850 Majestas
1306 3783 1372 3829 vero

90 3871 286 3959 percipiens,
325 3891 382 3934 cur
403 3867 482 3934 talia
504 3877 616 3933 eontra
637 3890 697 3933 nos
719 3876 792 3934 acta
813 3868 943 3951 fuerint,
965 3887 1031 3932 non
1055 3864 1160 3931 solum
1186 3888 1372 3934 consensum

90 3997 184 4042 suum
214 3972 382 4064 praebere,
417 3994 530 4039 verum
553 3981 585 4037 et
605 3971 761 4038 mandare
784 3972 988 4059 dignabatur,
1011 3994 1053 4037 ne
1075 3969 1163 4038 bona
1184 3982 1308 4057 nostra,
1328 3978 1372 4038 aut

90 4079 202 4147 domos
224 4088 257 4146 et
282 4076 538 4167 suppellectilem
560 4075 783 4162 divendamus‚
818 4077 876 4144 sed
910 4100 949 4144 ea
971 4097 1203 4143 conservemus
1226 4085 1260 4144 et
1281 4084 1371 4144 custo

90 4184 232 4262 diamus,
265 4183 330 4249 imo
360 4184 549 4271 praecipere
571 4179 705 4268 dignata
726 4181 803 4264 fuit,
836 4191 872 4247 ut
904 4183 1009 4248 omnis
1041 4180 1125 4246 haec
1161 4181 1372 4249 controversia

89 4286 301 4356 amicabiliter
322 4293 539 4375 comportetur
559 4294 592 4351 et
611 4285 822 4372 transigatur3
858 4285 971 4352 ultimo
1002 4284 1144 4367 tandem,
1180 4293 1249 4353 tarn
1282 4308 1371 4375 prop·

88 4391 235 4476 toralia,
269 4413 366 4479 quam
397 4398 509 4457 nostra
542 4387 678 4456 dissidia
705 4389 912 4456 notabiliores
943 4389 1074 4453 nuntios
1095 4387 1132 4455 in
1154 4388 1219 4457 hoc
1247 4411 1371 4480 regnum

88 4496 243 4585 ablegare
273 4495 408 4583 dignata
440 4494 511 4562 fuit.
555 4495 638 4561 Post
670 4505 808 4560 mertem
835 4516 913 4561 vero
947 4492 1104 4582 ejusdem,
1127 4505 1305 4586 postquam
1323 4516 1372 4562 rex

88 4598 316 4669 Ferdinandus
338 4601 489 4679 dominus
512 4608 623 4666 noster
644 4600 894 4688 gratiosissimus
931 4620 1067 4686 regnum
1097 4598 1163 4667 hoc
1193 4599 1373 4691 assumpsis-

87 4714 147 4785 set,
179 4703 375 4797 proceribus
396 4702 642 4773 notabilioribus
669 4726 729 4794 per
757 4713 824 4773 tres
845 4704 935 4772 vices
956 4702 1135 4784 mandavit,
1169 4716 1208 4775 ut
1239 4704 1371 4777 hesdin
