2946 5086
160 194 227 275 100

622 308 624 310 ’
692 363 840 433 carun
859 366 911 433 er.

159 496 221 558 Ubi
242 496 377 570 refertur,
410 497 489 571 quod
511 496 624 575 captivi
646 499 781 557 absoluto
801 498 857 556 hoc
879 516 1014 559 sermone
1054 503 1094 560 ad
1126 522 1264 567 carceres
1287 509 1378 567 denuo
1395 529 1430 567 re

160 583 299 658 diverint,
321 583 463 661 princeps
485 594 582 643 autem
605 586 781 662 suspiciens,
804 586 841 643 ab
854 592 978 658 utraque
999 596 1085 664 parte
1114 592 1228 671 scripte
1264 593 1358 653 eidam
1377 616 1432 672 por·

161 681 245 728 recta
265 672 368 730 eadam
389 672 453 748 regi
476 671 685 730 transmiserit.
728 672 841 730 Postea
874 672 989 731 Passelr
1011 676 1143 755 quetidie
1177 681 1280 739 aniles
1302 680 1389 759 nugis
1409 692 1429 741 et

161 754 281 817 fabulas
303 759 342 816 ad
363 767 495 818 senatum
518 758 654 821 inferens,
677 768 791 835 partem
814 778 902 817 unam
924 767 1027 818 contra
1057 764 1181 824 alteram
1215 766 1369 845 instigans,
1390 770 1429 827 ubi

156 845 212 903 sub
233 844 331 922 speeie
351 846 420 904 fidei
441 834 543 905 oosstre
565 846 692 904 invicem
705 847 848 921 agebant3
871 853 903 915 et¹
906 847 1022 933 quales
1027 847 1105 922 justi
1131 851 1310 914 afflictiones
1332 864 1359 914 et
1377 875 1428 932 per·

159 931 323 991 secutiones
347 932 494 992 sustinere
515 931 678 1006 debuerint,
701 932 814 992 familia
835 951 907 992 vero
929 932 1040 993 diaboli
1061 937 1094 994 in
1118 939 1218 1012 quiete
1239 942 1425 1019 permanserit.

242 1099 305 1166 His
336 1100 485 1167 omnibus
517 1103 657 1188 peractis
691 1102 814 1189 captivi
853 1102 959 1168 denuo
992 1104 1034 1169 ed
1067 1127 1217 1172 carceres
1249 1109 1424 1199 rediverunt

158 1204 274 1294 quibus
307 1205 488 1291 Pragenses
524 1203 708 1271 libertatem
739 1205 838 1271 talem
870 1205 1040 1273 admittere
1074 1207 1275 1297 voluerunt,
1293 1213 1421 1280 obambu-

37 1370 39 1375 Α
157 1308 256 1391 laudi,
280 1308 382 1375 solum
399 1319 441 1374 -ut
461 1308 560 1374 limen
582 1319 694 1397 portae
716 1331 782 1375 nen
805 1309 975 1394 excedant,
997 1311 1087 1401 loqui
1098 1323 1207 1380 tamen
1223 1317 1298 1382 aliis
1308 1320 1421 1406 possint,

155 1415 210 1502 qui
232 1415 267 1479 in
289 1412 390 1479 cubili
423 1413 522 1479 officii
553 1422 680 1493 vetusto
701 1414 820 1480 inclusi
852 1416 982 1505 fuerunt
1013 1416 1145 1506 (nempe
1167 1419 1282 1487 doctor
1313 1423 1421 1503 Buriaq

155 1506 298 1586 Joannes
319 1501 411 1601 Ziab,
445 1517 712 1584 Bartholomaeus
734 1519 854 1609 Kassa)
879 1521 1087 1608 superhaec,
1124 1532 1160 1588 ut
1181 1524 1248 1590 illis
1272 1549 1366 1593 manu
1384 1527 1420 1591 sti·
1465 1562 1468 1617 3

154 1624 266 1714 pulata
286 1622 441 1689 honorem
454 1621 593 1688 etfidern
614 1626 811 1710 promittant
850 1625 901 1696 ,Hi
922 1647 1000 1691 vere
1016 1648 1054 1691 ea
1064 1629 1255 1714 promittere
1265 1631 1421 1710 noluerunt,
1462 1662 1468 1715 ς

155 1751 229 1796 eum
260 1750 326 1795 non
349 1749 469 1810 eorum,
504 1727 562 1792 sed
582 1729 666 1814 regii
695 1729 816 1818 captivi
849 1730 978 1814 fuerint,
1010 1753 1052 1795 ne
1085 1753 1104 1795 e
1134 1735 1324 1820 captivitate
1353 1735 1422 1819 regie

155 1842 256 1900 semet
276 1834 366 1921 ipsos
389 1831 537 1915 educant,
559 1831 625 1896 illis
647 1855 725 1899 vere
749 1856 784 1898 se
806 1835 841 1897 in
852 1841 1045 1921 potestatem
1068 1835 1207 1903 tradant
1237 1838 1364 1905 :Altera
1381 1837 1419 1902 die
1466 1834 1468 1839 ’

155 1942 253 2007 etiarn
273 1940 426 2026 princeps
448 1938 483 2001 in
505 1958 652 2002 carceres
673 1937 822 2002 nuntium
844 1938 986 2023 mittens,
1019 1939 1085 2004 illis
1107 1941 1253 2007 intimari
1270 1943 1374 2030 jussit,
1391 1961 1419 2004 ne
1458 2006 1468 2035 Γ

153 2041 381 2130 Pragensibus,
403 2060 520 2128 nempe
541 2040 626 2128 parti
647 2039 814 2124 adversae,
839 2041 937 2107 fidem
958 2046 1156 2130 promittant,
1191 2047 1250 2112 sed
1273 2047 1356 2114 Suae
1374 2045 1421 2111 lh·
1458 2040 1468 2067 ³'

149 2147 263 2236 jestati
284 2146 406 2232 Regiae
439 2165 541 2228 usque
562 2141 606 2208 ad
628 2165 768 2231 sequens
789 2145 931 2211 futurum
955 2147 1039 2213 Suae
1056 2147 1420 2236 Majestatismandatun.
1458 2148 1468 2231 :J

154 2252 286 2341 Captivi
308 2273 386 2318 vero
409 2249 627 2338 promiserunt
643 2249 741 2335 juxta
762 2249 877 2316 foedus
899 2250 969 2328 hoc,
992 2250 1077 2339 quod
1101 2254 1136 2317 in
1158 2254 1345 2321 carceribus
1366 2255 1421 2320 duo·
1458 2230 1468 2284 '⁷

152 2357 259 2424 decim
280 2355 387 2422 adhuc
410 2353 598 2442 septimanis
621 2355 796 2440 persistere
818 2354 930 2422 velint.
951 2342 1109 2444 Princeps
1137 2367 1247 2425 autem
1264 2361 1420 2436 sinemora,
1459 2360 1468 2469 Ι’

153 2472 303 2551 suscepta
323 2462 359 2527 in
381 2461 509 2546 scriptis
538 2459 639 2546 partis
661 2460 836 2548 utriusque,
851 2461 1050 2546 gravamina,
1086 2459 1207 2527 additis
1236 2464 1335 2550 juxta
1361 2464 1422 2527 haec
1459 2472 1468 2567 q

153 2569 219 2635 suis
241 2567 381 2655 propriis
414 2564 517 2630 literis
551 2565 697 2650 sequenti
730 2587 828 2629 sensu
859 2565 931 2650 regi
968 2565 1164 2630 transmisit:
1203 2568 1292 2655 quod
1329 2585 1422 2653 nempe
1460 2580 1463 2603 ¹

148 2673 246 2762 juxta
266 2669 454 2737 mandatum
466 2670 551 2737 Suae
560 2671 741 2759 Majestatis
752 2669 875 2755 Regiae
898 2667 1118 2735 dissensiones
1140 2669 1215 2736 illes
1240 2669 1422 2738 exaudiendo
1465 2673 1468 2683 ‘

150 2776 342 2867 perceperit,
358 2797 440 2863 quae
451 2775 493 2841 ad
504 2775 764 2862 cognoscendum
773 2775 882 2839 omnia
896 2773 1077 2861 etdesuper
1087 2774 1422 2844 deliberandumtran·
1462 2854 1464 2859 ,

151 2882 267 2957 mittet,
283 2888 514 2968 etquocunque
532 2878 675 2944 remedio
687 2879 738 2943 his
752 2877 906 2945 obvenire
915 2877 1111 2966 dignabitur,
1135 2879 1198 2945 hoc
1209 2903 1283 2947 esse
1294 2884 1328 2947 in
1338 2891 1422 2971 potes·

151 2994 218 3052 tate
230 2983 314 3051 Suae
321 2984 509 3072 Majestatis.
525 2984 658 3072 Domini
672 2982 986 3069 Kuttenhergenses,
1000 3007 1072 3050 cum
1084 2985 1157 3050 aliis
1170 2987 1339 3053 civitatum
1355 2985 1422 3051 able·
1463 3034 1465 3049 .

152 3091 237 3179 gatis
247 3089 334 3155 idem
349 3089 503 3172 fecerunt,
518 3090 589 3175 regi
601 3088 780 3154 scribentes
797 3088 1037 3154 etnotificantes
1047 3111 1176 3155 cursum
1192 3100 1225 3156 et
1238 3101 1312 3159 ecta
1326 3090 1422 3168 omnis,
1462 3094 1466 3101 '

152 3218 236 3285 quae
246 3195 427 3282 Pragenses
439 3192 640 3280 protulerint,
656 3195 748 3282 cujus
759 3183 942 3259 ,Iohannem
954 3193 1087 3259 Hlawsa
1099 3189 1425 3262 etNicolaumSchorli

151 3301 325 3389 arguerint,
348 3298 436 3363 etin
458 3319 521 3384 quo
543 3299 775 3379 accusaverint,
808 3306 840 3364 et
862 3297 1022 3387 quomodo
1053 3307 1186 3364 econtra
1217 3299 1267 3365 illi
1289 3301 1367 3367 haec
1384 3319 1422 3362 re·

32 3432 35 3439 ·
151 3405 337 3481 tutaverint,
377 3402 594 3467 innocentiam
627 3423 718 3468 suam
741 3401 1009 3485 demonstrantes,
1042 3411 1138 3489 prout
1154 3403 1226 3490 jam
1248 3414 1344 3471 antea
1362 3401 1423 3467 insi·

151 3519 285 3577 nuatum
305 3508 375 3593 fuit,
399 3530 497 3596 super
518 3529 600 3595 quae
621 3505 785 3596 publicam
808 3505 1016 3590 audientiam,
1039 3515 1096 3572 aut
1108 3529 1228 3586 >coram
1249 3507 1318 3575 Sua
1338 3506 1424 3599 Regis

149 3614 321 3704 Majestate
352 3623 408 3678 aut
430 3626 537 3680 eoram
571 3613 628 3695 eis,
661 3634 742 3699 quos
772 3611 838 3677 Sua
870 3611 1024 3699 Majestas
1057 3611 1210 3699 delegare
1244 3611 1424 3700 dignabitur,

151 3720 336 3788 constanter
356 3718 540 3807 petiverint,
563 3739 629 3783 non
647 3717 826 3782 eximentes
849 3739 884 3782 se
906 3739 927 3781 a
949 3738 1140 3805 quacunque
1163 3716 1261 3805 culpa
1283 3726 1424 3806 etpoena,

156 3825 184 3890 si
206 3845 287 3913 quas
309 3824 512 3889 incurrerint
556 3821 649 3886 Haeo
672 3822 781 3888 emnia
801 3819 990 3888 referentes.
1126 3872 1129 3877 .

235 3928 275 3995 In
297 3929 348 3993 his
381 3925 638 3995 dissensionibus
671 3949 737 4004 non
771 3927 871 3992 semel
904 3926 1069 4014 repetitur,
1103 3926 1148 3991 ita
1181 3925 1269 4014 quod
1305 3923 1423 4016 quilibet

150 4034 233 4101 haec
264 4033 447 4121 intelligere
471 4040 503 4098 et
525 4016 618 4120 quasi
638 4031 789 4098 manibus
810 4031 943 4119 palpare
963 4030 1086 4118 possit,
1110 4029 1207 4118 quod,
1233 4032 1423 4120 quidcunque

150 4140 334 4227 Pragenses
356 4137 455 4205 locuti
476 4135 615 4219 filerunt,
637 4158 769 4202 causam
790 4145 888 4201 totam
913 4135 1017 4200 omnis
1040 4131 1165 4199 dissidii
1181 4137 1269 4221 parti
1283 4136 1422 4203 adversae

150 4243 372 4327 attribuentes,
408 4241 466 4308 illa
486 4262 651 4330 nunquam
685 4240 906 4329 probaverint,
939 4238 1076 4325 ideoque
1109 4237 1191 4304 nihil
1214 4242 1286 4307 veri
1310 4251 1340 4308 et
1355 4236 1421 4328 justi

149 4346 330 4433 habuerint,
363 4368 469 4435 neque
492 4345 533 4411 dc
554 4345 673 4435 populo
705 4354 838 4426 armato,
873 4366 953 4432 quos
977 4343 1152 4409 conductos
1176 4366 1250 4410 esse
1274 4344 1419 4420 dixerut,
1465 4376 1468 4399 ι

150 4452 208 4519 sed
231 4453 359 4541 qualem
380 4452 511 4539 ipsimet
539 4449 694 4539 populum
726 4458 885 4516 armatum
906 4449 941 4513 in
963 4457 1074 4536 parato
1097 4457 1299 4515 reservatum
1320 4448 1419 4516 habuc·
1463 4510 1466 4517 .

148 4558 223 4641 rint,
258 4577 375 4644 nempe
396 4558 431 4620 in
452 4555 608 4638 macellis,
645 4555 731 4642 apud
752 4554 958 4621 braxatorem
981 4533 1127 4636 hramek,
1160 4553 1248 4640 apud
1282 4554 1315 4621 S.
1338 4550 1418 4637 Aegi·

148 4660 249 4739 dium,
286 4660 373 4725 etin
402 4658 548 4748 pluribus
581 4658 654 4726 aliis
691 4656 850 4742 domibus,
884 4658 941 4725 ubi
972 4657 1094 4745 aliquot
1129 4659 1258 4724 centeni
1292 4659 1418 4727 homine
1465 4660 1468 4741 j

140 4772 244 4833 noctu
268 4759 397 4830 occrrlte
431 4760 721 4850 congregabantur,
754 4760 796 4827 de
824 4760 876 4828 his
898 4782 1052 4848 quaerere
1072 4763 1256 4849 noluerunt,
1291 4754 1418 4852 quieti
1464 4764 1468 4849 j
