2946 5086
118 162 187 263 ¹ree

115 332 258 405 bendum
282 343 314 400 et
340 333 540 408 desiderium
568 337 691 405 altioris
714 346 825 424 status,
850 339 960 406 statuit
975 339 1062 431 apud
1084 359 1120 405 se
1140 344 1265 428 petere,
1286 343 1326 403 ut
1345 358 1419 425 reg·

118 446 196 509 num
230 449 333 506 totum
367 445 492 510 ratione
525 442 612 508 illius
634 444 677 509 ad
700 466 818 533 papam
842 445 971 530 scribat,
993 442 1234 529 intercedentes
1257 464 1318 530 pro
1354 441 1420 530 illo,

98 555 154 637 Ιιιι
189 544 328 611 eundem
366 547 533 613 confirmet
569 547 612 613 ad
646 547 968 638 archiepiscopatum,
1000 552 1097 638 juxta
1133 549 1326 616 electionem
1362 567 1421 634 pro

116 646 187 741 ipso
217 649 345 734 factm,
383 651 439 718 ubi
461 653 503 719 ab
536 653 686 720 omnibus
709 656 896 721 aestimatus
919 670 950 720 et
972 656 1064 742 quasi
1099 678 1159 744 pro
1183 644 1256 719 Deo
1291 648 1419 717 habitus

106 753 187 819 ¹fuit.
231 754 369 821 Factum
401 759 512 846 itaque
535 768 593 843 est,
616 758 703 845 quod
734 761 832 847 juxta
868 769 977 826 votum
1001 763 1070 848 ejus
1103 758 1164 827 sub
1187 757 1296 845 sigillo
1328 755 1420 841 regni

118 859 329 947 scripserint;
364 861 442 928 dum
476 873 584 929 autem
607 887 713 952 neque
750 874 825 930 tunc
858 865 981 952 aliquid
1014 865 1206 947 effecissent,
1243 864 1330 949 viam
1359 858 1419 925 sibi

120 965 297 1053 exquisivit
324 966 431 1051 aliam,
454 970 648 1057 scripsitque
670 971 704 1034 in
728 969 900 1036 Graeciam
922 968 1246 1056 Constantinopolim,
1280 967 1337 1033 ubi
1366 963 1417 1028 illo

119 1075 263 1156 temporo
300 1070 518 1138 christianitas
555 1074 662 1141 adhuc
693 1074 839 1158 florebat,
876 1077 1063 1164 vituperans
1096 1073 1285 1163 pontificem
1325 1089 1416 1158 quan·

121 1181 189 1238 tum
212 1175 325 1261 potuit,
348 1174 440 1242 illum
463 1178 694 1245 antechristum
724 1179 902 1267 appellans,
938 1189 971 1245 et
991 1180 1090 1246 falsos
1113 1200 1171 1245 seu
1194 1177 1343 1268 pseudo·
1328 1201 1416 1265 ··pro

103 1272 233 1375 'phetas
257 1288 289 1343 et
310 1279 471 1364 lurcones,
494 1292 529 1347 ut
552 1284 728 1349 secundum
751 1283 861 1368 illurn,
884 1308 1000 1372 nempe
1029 1284 1211 1350 Romanum
1237 1282 1416 1372 pontificem

119 1404 156 1448 se
177 1404 242 1448 non
265 1381 417 1471 dirigant,
440 1408 546 1474 neque
558 1387 656 1452 illius
679 1388 868 1475 dignitatem
902 1389 1041 1476 amplius
1075 1389 1255 1481 aestiment.
1306 1389 1415 1466 Graeci

105 1472 229 1576 ..literas
252 1492 310 1557 has
333 1491 515 1557 obtinentes
537 1492 682 1580 pontifici
704 1494 969 1583 transmiserunt,
1003 1468 1150 1580 pontifex
1186 1492 1306 1558 illas'
1295 1515 1330 1558 ιιι
1361 1492 1415 1558 Βο-

119 1594 261 1663 herniam
283 1595 380 1677 misit,
404 1596 497 1683 quasi
519 1596 609 1661 illum
633 1596 720 1684 apud
742 1606 789 1663 tot
789 1620 854 1673 um
866 1614 1003 1684 regnum
1025 1605 1210 1682 accusaret,
1230 1608 1280 1667 ut
1316 1597 1415 1663 omni·

119 1699 181 1787 bus
201 1703 408 1768 innotescant
429 1701 515 1767 illius
539 1701 662 1768 literas.

110 1884 114 1899 ἒ
205 1805 258 1871 De
290 1804 347 1871 illo
380 1804 579 1894 Rokyczano
601 1808 766 1875 invenitur
788 1810 884 1873 etiam
909 1808 994 1896 scrip
996 1817 1064 1873 tum
1085 1809 1121 1872 in
1143 1798 1301 1875 chronica
1317 1805 1417 1871 Bobe-

113 1910 207 1995 Ιιιιίιιιι
228 1909 270 1976 ab
292 1909 407 1977 Aenea
429 1911 542 1999 Sylvio
565 1913 718 2000 compilat
719 1936 747 1997 a,
769 1915 815 1979 ita
837 1913 878 1979 de
900 1914 1000 1980 verbo
1023 1911 1235 1996 adverbum,
1269 1933 1341 1999 cap.
1363 1909 1418 1977 taz

106 2014 319 2111 ‘Ilokycaano
353 2016 529 2102 Pragensis
552 2018 709 2084 ecclesiae
732 2021 937 2107 episcopatus
959 2017 1137 2106 promissus
1159 2015 1287 2081 fuit..
1311 2015 1419 2080 ..Et

109 2120 253 2213 ¹taudem
274 2119 361 2187 infra
382 2121 428 2187 ita
451 2122 607 2209 scriptum
630 2133 697 2189 est:
719 2124 809 2189 Dum
832 2123 893 2190 hae
917 2146 969 2188 res
991 2123 1038 2188 1ta
1048 2120 1264 2187 concordatae
1276 2119 1418 2201 fuissent

110 2206 339 2321 'Rokyoaanus
374 2249 447 2292 cum
485 2238 622 2321 quatuor
661 2228 883 2295 sacerdotibus
920 2229 1052 2315 nomine
1074 2235 1121 2290 tot
1122 2227 1172 2291 ius
1210 2223 1301 2309 cleri,
1323 2222 1420 2289 atilli

120 2329 376 2433 adhaerentium,
401 2331 478 2397 dum
503 2355 616 2399 caesar
639 2332 899 2420 Sigismundus'
890 2356 924 2398 ιιι
947 2333 1024 2398 sede
1055 2330 1266 2418 imperatoria
1298 2331 1333 2394 in
1355 2328 1420 2394 foro

120 2435 261 2503 civitatis
282 2418 393 2503 Remo
427 2439 655 2505 constitutam
677 2440 861 2527 praesentia
882 2438 1019 2521 Alberti,
1054 2445 1086 2501 et
1121 2457 1229 2502 coram
1262 2433 1420 2520 magnati·

120 2540 182 2609 bus
220 2549 253 2607 et
282 2541 463 2608 oratoribus
498 2543 780 2610 circumstantibus
815 2542 1031 2610 obedientiam
1070 2541 1236 2607 Romanae
1270 2538 1421 2614 ecclesiae

119 2646 331 2735 promisit..
355 2699 361 2713 .
385 2701 392 2714 .
416 2646 553 2728 Quando
588 2671 666 2714 vero
701 2651 735 2713 in
757 2649 818 2715 hoc
840 2648 1000 2736 promisso
1022 2645 1210 2734 imperatori
1231 2642 1319 2709 facto
1356 2664 1421 2730 per·

121 2753 329 2845 severaverit,
351 2754 543 2839 praesertim
567 2765 710 2841 tempore
732 2755 819 2840 regis
842 2752 988 2817 Ladislai
1004 2752 1164 2840 junioris,
1188 2747 1251 2813 hoc
1274 2747 1421 2813 historiae

119 2853 254 2943 Aeneae
276 2855 517 2934 demonstrant3
534 2858 620 2945 quod
643 2857 686 2922 ad
708 2867 916 2945 conspectum
938 2856 1008 2943 ejus
1029 2856 1142 2921 venire
1156 2873 1422 2940 nunquamausus

116 2959 227 3043 fuerit.
248 2959 380 3047 Itaque¹
400 2961 572 3028 hincinde
595 2984 631 3029 se
659 2974 789 3029 vertens
823 2963 964 3050 quietem
992 2959 1112 3027 habere
1148 2979 1213 3023 ιιοιι
1246 2958 1354 3044 potuit
1386 2954 1421 3022 ob

121 3064 444 3157 archiepiscopatum,
468 3089 533 3132 non
555 3078 591 3131 ut
611 3066 716 3133 illum
739 3082 872 3155 quaerat
894 3064 937 3130 ad
958 3064 1111 3130 honorem
1134 3074 1168 3128 et
1187 3061 1321 3127 laudem
1353 3060 1422 3142 Dei,

125 3171 185 3238 sed
205 3179 241 3236 ut
262 3171 410 3237 homines
433 3172 514 3257 pios,
538 3193 629 3259 quos,
664 3181 700 3238 ut
722 3171 802 3254 dixi,
826 3194 898 3236 cum
921 3190 1080 3234 consensu
1101 3168 1196 3252 regis·
1213 3167 1351 3254 Georgii
1383 3165 1421 3231 af·

122 3275 225 3365 stiget,
260 3289 293 3342 et
326 3277 386 3344 sub
409 3279 540 3344 nomine
562 3276 809 3343 Pickhartarum
833 3300 851 3341 e
874 3285 960 3341 terra
982 3270 1134 3360 expellat,
1169 3280 1205 3335 ut
1226 3270 1420 3336 eundem-in

127 3383 300 3473 desideriis
324 3387 390 3451 suis
413 3386 479 3451 non
500 3384 692 3474 impediant.
737 3381 823 3448 Illud
844 3379 984 3469 probant
1004 3377 1134 3465 ipsimet
1155 3384 1247 3440 actus
1271 3373 1420 3463 ejusdem>

124 3511 206 3579 quos
231 3491 385 3570 exercuit.
428 3490 511 3556 Nam
535 3490 611 3557 dum
635 3488 828 3555 scriberetur
852 3507 955 3551 annus
980 3484 1063 3550 1443
1086 3490 1118 3563 et
1156 3480 1251 3561 1444,
1284 3488 1419 3567 tempore

124 3595 202 3661 novi
223 3595 311 3678 anni,
334 3596 466 3661 comitia
486 3596 633 3661 instituta
654 3594 784 3660 suorum
805 3588 1049 3674 Kuttenbergae
1072 3608 1130 3673 pro
1161 3582 1314 3651 omnibus
1338 3583 1418 3648 stati·

124 3698 196 3785 bus,
232 3700 389 3765 saeculari
421 3709 452 3766 et
488 3700 639 3782 clericali,
672 3698 729 3765 ubi
766 3697 989 3763 contentiones
1020 3692 1151 3758 fuerunt
1189 3699 1280 3755 ortae
1301 3688 1417 3755 ratione

123 3803 201 3875 fidei
223 3804 308 3869 inter
328 3803 562 3891 Rokyczanum
586 3814 619 3871 et
642 3803 763 3870 olerum
788 3799 934 3888 ejusdem
956 3820 999 3862 ex
1019 3819 1104 3876 una,
1129 3804 1161 3860 et
1192 3796 1279 3870 inter
1303 3794 1418 3861 clerum

124 3908 358 3998 Taboriensem
381 3919 472 3997 parte
495 3933 538 3975 ex
559 3908 670 3991 altera,
700 3909 734 3973 in
759 3907 875 3996 quibus
902 3903 1117 3991 Rokyczanus
1151 3898 1417 3977 contentionibus,

125 4015 281 4089 violentia
302 4015 407 4101 magis
430 4038 517 4098 usus,
541 4037 637 4103 quam
655 4013 797 4102 justitia,
821 4004 974 4076 articulos
998 4028 1070 4072 cum
1095 4003 1182 4070 clero
1205 4025 1264 4069 suo
1288 4003 1419 4070 confecit

126 4120 167 4187 de
189 4121 421 4205 sacramentis,
458 4119 618 4208 quomodo
641 4119 712 4204 geri
733 4116 882 4198 debeant,
917 4123 949 4179 et
982 4112 1036 4200 qui
1059 4108 1100 4174 de
1121 4107 1186 4173 illis
1210 4107 1419 4195 judicandum

123 4225 178 4317 ¹sit,
201 4246 284 4312 quae
320 4225 354 4289 in
377 4246 447 4313 cap.
488 4224 529 4288 10
565 4223 661 4311 hujus
692 4221 767 4288 libri
790 4222 898 4287 omnia
935 4239 1032 4306 supra
1053 4213 1159 4302 posita
1190 4220 1276 4280 sunt.
1306 4212 1417 4296 -Quae

125 4330 327 4397 comitiorum
361 4328 514 4396 conclusa
542 4328 622 4395 alibi
643 4328 859 4394 inveniuntur.
904 4320 1051 4388 Tandem
1073 4324 1147 4407 post
1176 4317 1288 4384 omnia
1321 4317 1418 4384 Bohe·

126 4434 173 4503 mi
195 4442 228 4501 et
249 4434 376 4502 Moravi
409 4441 571 4523 tempore'
577 4434 665 4520 regis
688 4431 822 4517 Georgii
855 4427 1013 4495 titulum'
1003 4426 1068 4513 1psi
1092 4414 1320 4509 attribuerunt,
1353 4442 1418 4489 eum

126 4559 198 4611 esse
230 4537 372 4605 electum
318 4539 684 4657 umarchiepiscopum,
708 4537 769 4600 et
760 4559 795 4601 ιιι
832 4535 893 4601 hac
916 4532 1074 4598 electione
1107 4531 1289 4630 permansit
1323 4548 1419 4616 usque

125 4641 168 4715 ad
189 4653 337 4721 mortem
