2946 5086
1281 142 1354 289 3⁶¹

139 390 291 458 Tandem
313 388 390 457 dum
401 389 436 456 in
447 390 632 457 carceribus
654 387 887 477 detineremur,
911 366 1047 480 saepius
1061 391 1192 480 publice
1206 414 1265 459 nos
1278 414 1353 461 con·

74 491 143 559 ritiis
166 496 278 561 affecit
311 503 343 561 et
364 496 568 582 contempsit,
590 494 745 584 populum
767 503 881 562 contra
900 518 960 561 nos
984 496 1168 582 concitavit,
1200 499 1236 563 in
1258 492 1353 565 malis

74 597 199 665 irmavit
233 608 266 666 et
288 599 330 665 ad
351 600 568 687 perditionem
597 596 741 667 nostram
768 600 945 693 instigavit,
979 609 1011 666 et
1031 601 1065 666 in
1088 601 1150 667 hoc
1169 602 1242 690 ipso
1264 603 1353 670 testi·

74 705 179 787 nonio,
203 703 291 791 quod
314 713 426 770 contra
448 726 507 770 nos
530 704 641 790 edidit,
664 715 754 777 actor
774 713 807 771 et
826 712 999 772 accusator
1022 712 1080 773 est.
1102 703 1171 773 Ubi
1193 703 1280 773 clare
1298 730 1354 799 ap·

74 817 158 892 peret,
182 807 269 896 quod
290 831 366 896 pars
388 809 483 877 nobis
503 809 643 903 adversa
665 810 706 875 sit
727 832 808 879 cum·
824 809 1171 898 quibusdamdericis,
1193 812 1250 899 qui
1270 811 1363 881 sient¹

74 912 117 978 ille
149 914 186 978 in
223 914 435 981 concionibus
472 917 538 980 suis
574 906 634 981 nos
670 915 916 1003 vituperarunt,
964 924 1166 1005 spreverunt,
1197 916 1354 1005 populum

75 1025 175 1082 sonna
195 1039 256 1082 nos
279 1020 432 1085 continuo
455 1020 657 1086 concitarunt
689 1031 721 1086 et
741 1020 832 1086 falsis
854 1020 958 1107 dictis
990 1020 1055 1085 suis
1078 1029 1350 1110 contempserunt,

78 1123 182 1208 quib'us
205 1110 355 1189 omnibus
376 1118 782 1212 pariter'contradiximus,
806 1122 1055 1190 contradicimus
1072 1144 1112 1189 ac
1132 1140 1288 1213 negamus
1311 1135 1345 1193 et
1466 1112 1470 1119 ’

78 1214 313 1311 asserveramus,
335 1250 404 1293 rem
419 1229 465 1295 ita
485 1250 551 1294 non
571 1228 682 1313 fuisse,
704 1250 770 1295 non
792 1250 873 1311 esse,
896 1249 957 1293 neo
970 1249 1111 1319 unquam
1134 1227 1207 1294 illos
1229 1218 1352 1317 aliquid

82 1329 134 1395 tale
155 1330 587 1418 de-ncbisdemcnstrasse,
610 1325 716 1421 neque
738 1332 1012 1400 demonstraturos
1034 1331 1114 1417 fore,
1140 1332 1296 1421 adeoque,
1317 1341 1355 1401 ut

81 1434 189 1503 inimici
210 1428 324 1523 nostri,
348 1447 381 1528 et
394 1432 470 1526 pars
493 1423 749 1505 nobisadversa
775 1439 865 1526 juste
881 1445 985 1503 ‘testes
1007 1457 1106 1524 agere
1132 1437 1353 1526 nonpossint

80 1537 203 1628 Ideoque
230 1542 382 1608 Vestram
405 1541 627 1626 serenitatem,
657 1546 834 1629 omnesque
865 1549 1055 1629 praesentes
1078 1540 1237 1609 submisse
1257 1562 1352 1629 roga·

81 1663 143 1727 nus,
177 1655 214 1710 ut
234 1667 295 1711 nos
324 1644 365 1711 ob
389 1667 520 1711 causam
552 1645 636 1711 hanc
653 1645 854 1735 judicialiter
881 1643 995 1711 audire
1017 1645 1197 1733 dignemini
1219 1653 1252 1712 et
1273 1667 1351 1735 pars
1436 1714 1439 1718 ,

81 1746 155 1813 nobis
177 1748 317 1814 adversa
346 1771 449 1836 aeque
465 1749 666 1836 judicialiter
686 1748 803 1833 adstet,
824 1757 861 1814 ut
881 1747 927 1813 ita
948 1749 1141 1845 confrontati
1155 1822 1158 1829 ,
1170 1750 1354 1829 adinvicem

86 1851 205 1939 colloqui
219 1853 396 1932 valeamus,
419 1862 452 1918 et
468 1854 515 1919 ita
526 1854 644 1920 Vestra
667 1853 830 1920 Serenitas
853 1872 1032 1939 agnoscere
1048 1852 1244 1941 dignabitur,
1267 1852 1354 1943 quod

84 1952 151 2021 sicut
171 1955 212 2021 de
234 1956 330 2022 nobis
354 1954 552 2047 scripserunt
573 1967 606 2024 et
627 1960 711 2024 inter
730 1947 877 2023 homines
903 1955 1119 2044 divulgarunt,
1141 1979 1221 2025 vera
1243 1959 1354 2031 dicero
1440 2004 1443 2010 ·

83 2076 132 2122 non
151 2068 310 2147 poterunt
355 2061 452 2143 Quod
475 2065 503 2128 si
524 2086 602 2130 vero
618 2063 792 2130 Serenitati
812 2061 848 2127 id
870 2063 1000 2129 efficere
1020 2062 1087 2128 non
1107 2060 1234 2147 liberet,
1255 2084 1353 2155 roga-

81 2179 144 2248 nus,
174 2175 210 2230 ut
231 2166 322 2253 apud
342 2166 478 2255 Regiam
500 2168 706 2257 Majestatem
727 2167 929 2235 intercedere
950 2167 1139 2254 dignemini,
1172 2176 1207 2232 ut
1227 2167 1263 2238 in
1283 2167 1355 2235 loco

81 2269 236 2335 commodo
258 2267 394 2358 publice
412 2269 599 2356 audiamur,
627 2271 684 2339 ubi
714 2269 843 2339 tute'ac
875 2271 979 2338 libere
1001 2268 1178 2337 secundum
1194 2269 1355 2358 justitiam

79 2376 103 2434 et
119 2372 339 2440 innocentiam
361 2385 506 2441 nostram
529 2375 618 2465 loqui
638 2367 827 2466 possemus3
865 2377 1029 2442 offerimus
1052 2375 1139 2441 enim
1159 2398 1231 2460 nos,
1268 2374 1355 2462 quod
1456 2400 1461 2407 ·

75 2497 125 2546 nos
148 2483 263 2546 sistere
292 2489 324 2545 et
344 2502 555 2567 perseverare
577 2480 715 2574 velimus
746 2503 855 2547 coram
878 2480 943 2548 Sua
964 2476 1135 2567 Majestate
1157 2480 1262 2566 Regis
1299 2474 1377 2547 aut'

76 2578 183 2651 Vestra
205 2585 386 2651 serenitate
407 2584 463 2651 vel
485 2585 628 2672 quolibet
644 2586 769 2674 judicio
792 2585 952 2672 delegato,
991 2583 1045 2651 vel
1066 2584 1218 2650 universo
1240 2606 1352 2672 regno,

74 2689 182 2778 ubique
205 2691 428 2755 innocentiam
463 2698 663 2756 nostramet
689 2691 850 2779 justitiam
871 2689 964 2756 tueri.
1017 2685 1113 2770 Quod
1147 2687 1174 2754 si
1196 2711 1275 2756 vero
1297 2711 1358 2755 rex

74 2795 157 2861 nobis
180 2793 344 2861 confidere
365 2793 455 2878 nolit,
471 2794 684 2882 xfidejussores
717 2795 1061 2883 procurarevclumus,
1084 2794 1138 2863 vel
1150 2793 1209 2862 sub
1223 2793 1356 2861 foedere

74 2902 205 2964 maximo
227 2899 426 2986 promittere,
463 2899 551 2987 quod
583 2900 619 2964 in
649 2901 793 2989 quolibet
818 2902 944 2991 judicio
981 2925 1040 2967 nos
1071 2892 1185 2967 sistere
1206 2899 1355 2967 velimus.

74 3003 164 3084 Quod
185 3026 264 3070 vero
286 3001 442 3090 quosdam
465 3003 629 3069 articulos
642 3014 755 3071 contra
776 2996 969 3097 praecipuas
1000 3005 1181 3094 singulares
1195 3025 1355 3092 personas

74 3110 240 3191 concernit,
265 3107 307 3173 de
329 3107 380 3174 his
402 3131 463 3174 nec
484 3108 587 3175 multa
610 3110 763 3194 scribere,
795 3132 858 3176 nec
878 3109 970 3198 loqui
994 3109 1153 3193 volumus,
1187 3108 1245 3174 sed
1267 3116 1355 3197 post-

74 3240 171 3304 quam,
195 3217 268 3281 Deo
291 3217 338 3281 ita
358 3216 498 3295 volente,
522 3238 630 3283 coram
649 3219 739 3305 justo
756 3215 881 3304 judicio
912 3216 1105 3298 steterimus,
1138 3222 1216 3278 tunc
1238 3233 1356 3299 agnes·

74 3344 155 3388 scere
178 3320 402 3407 dignabimini,
436 3320 522 3409 quod
544 3323 599 3407 ita,
623 3324 705 3389 sicut
725 3323 761 3388 in
791 3318 1006 3403 accusatione,
1035 3314 1224 3401 retulerunt,
1246 3316 1355 3384 resin

75 3431 203 3494 veritate
225 3449 292 3491 non
313 3425 506 3492 inveniatur.
728 3407 733 3419 ¹

147 3531 213 3596 Hic
235 3548 346 3596 rursus
369 3528 541 3616 diligenter
564 3527 798 3596 advertendum
824 3535 890 3610 est,
933 3526 1012 3616 quid
1034 3526 1216 3612 Pragenses
1239 3523 1274 3588 in
1292 3544 1354 3590 suo

77 3638 184 3724 scripto
207 3637 510 3723 supranominatos
530 3636 678 3724 principe
700 3642 733 3700 et
756 3634 927 3700 civitatum
949 3622 1110 3720 ablegatis
1133 3631 1167 3696 in
1179 3629 1244 3695 fine
1256 3627 1354 3716 hujus

79 3741 176 3829 scripti
198 3747 351 3826 rogantes
373 3740 556 3827 petiverint,
579 3747 633 3804 aut
648 3760 730 3826 quae
740 3760 816 3826 pars
830 3737 932 3803 altera
942 3737 1104 3826 petiverit,
1126 3733 1221 3823 quasi
1232 3753 1355 3820 nempe

79 3842 249 3933 Pragenses
271 3845 431 3909 actionem
448 3842 657 3930 judiciariam
691 3841 889 3924 adornatam,
925 3839 1137 3929 approbatam
1175 3846 1208 3903 et
1230 3835 1354 3921 justam

80 3949 258 4016 contrahes
281 3933 447 4023 haberent.
497 3945 694 4012 Incarcerati
726 3967 804 4011 vero
826 3945 876 4011 illi
897 3946 932 4011 in
955 3946 1074 4033 scripte
1097 3965 1155 4010 suc
1187 3939 1352 4030 publicam

80 4060 104 4116 et
120 4053 262 4121 debitam
284 4052 481 4118 audientiam
502 4050 679 4116 secundum
707 4048 825 4137 judicii
847 4071 982 4133 cursum¹
1010 4048 1052 4114 ad
1070 4049 1125 4137 jus
1147 4043 1352 4135 appellantes

82 4157 216 4228 obtinere
237 4167 453 4247 rogaverunt,
475 4155 523 4224 illi
544 4157 603 4222 hos
624 4153 778 4222 volebant
798 4154 881 4220 viac
895 4153 1050 4220 violentia
1065 4159 1177 4218 contra
1193 4148 1354 4239 justitiam

82 4259 265 4355 deprimere3
288 4264 324 4328 bi
344 4285 433 4346 vero,
456 4256 648 4329 incarcerati
672 4256 834 4341 videlicet,
856 4257 1049 4325 submittunt
1071 4279 1106 4323 se
1122 4256 1208 4349 juris
1244 4252 1353 4320 officio

80 4378 103 4436 et
119 4375 245 4463 poenis,
280 4370 364 4436 siin
397 4368 536 4458 quodam
558 4368 606 4434 rei
637 4365 761 4433 inventi
792 4365 921 4432 ineunt.
966 4363 1053 4447 Quid
1080 4363 1203 4452 justius
1237 4385 1280 4431 ex
1301 4361 1353 4430 his

81 4470 204 4571 luobus¹
220 4478 272 4562 sit,
297 4473 467 4542 considera
490 4482 523 4540 et
539 4472 628 4559 juste
650 4469 803 4559 dijudica.
