2946 5086
1326 167 1371 237 tt

86 334 155 400 levis
192 331 346 400 femellae
368 332 512 399 laedens.
553 333 648 400 Vitus
662 334 761 400 Zelee
781 334 904 421 pariter
923 335 959 399 in
981 334 1130 402 omnibus
1151 338 1245 405 malis
1267 339 1299 404 ei
1324 340 1372 405 si·

87 436 163 501 nilis
198 437 315 521 fuerat,
337 447 507 524 praeterea
529 440 557 504 si
578 438 784 526 prudentiam
805 437 940 503 haberet
962 448 995 503 et
1005 438 1183 524 adhiberet,
1208 443 1369 528 quomodo

86 539 198 605 famam
232 540 353 606 bonam
375 541 439 606 sibi
472 543 603 629 suisque
632 542 779 630 prolibus
813 563 1006 608 conservare
1040 542 1168 628 debeat,
1202 568 1370 635 nunquam

88 644 199 711 furtive
222 644 266 710 de
287 654 383 710 nocte
391 654 554 711 monetam
566 668 698 712 auream
721 668 764 712 ex
785 644 997 712 femoralibus
1016 646 1136 714 Joann⁰
1159 650 1293 718 Krczek
1314 675 1371 720 ex·

90 749 243 833 scidisset,
287 750 407 814 missus
442 749 571 826 obviam
604 752 676 837 regi
697 749 875 833 Ludovico,
911 772 974 816 nec
998 773 1080 839 opus
1111 674 1228 820 fuisset
1261 756 1373 845 (prout

91 851 202 918 factum
228 854 291 940 est)
327 852 433 918 eidem
472 853 557 919 hanc
585 864 747 921 monetam
769 856 949 919 restituere.
992 855 1107 944 Itaque
1140 859 1236 925 ambo
1270 863 1372 929 animi

91 956 213 1021 audacis
235 957 436 1022 ferocitatem
459 980 551 1024 suam
573 961 675 1024 secuti
698 966 793 1038 sunt3
826 980 911 1024 anno
933 981 1012 1025 vero
1034 960 1096 1026 hoc
1122 962 1207 1028 1530
1237 962 1372 1050 dignam

97 1063 260 1144 gratiarum
282 1062 442 1126 actionem
465 1085 485 1126 a
506 1062 625 1150 populo
646 1061 776 1150 plebejo
799 1075 1001 1150 receperunt.
1046 1063 1112 1130 Sed
1124 1075 1159 1131 ut
1181 1067 1223 1133 ad
1244 1069 1377 1155 princi--

98 1167 173 1249 pium
196 1173 351 1247 revertar,
381 1165 467 1252 quod
489 1166 578 1232 lusus
600 1166 673 1231 talis
697 1167 815 1231 similia
837 1176 957 1251 causet,
980 1168 1036 1235 ubi
1051 1168 1143 1234 Deus
1165 1172 1199 1235 in
1230 1173 1372 1241 excelsis

101 1272 231 1335 existens
254 1291 351 1355 super
372 1269 518 1334 homines
540 1270 730 1335 innocentes
751 1276 883 1356 propter
904 1280 1039 1355 peccata
1067 1272 1196 1338 illorum
1218 1277 1369 1343 tentatio·

96 1394 139 1438 nes
173 1373 339 1456 immittit;
373 1397 433 1440 rex
468 1396 556 1455 vero,
594 1372 647 1439 vel
677 1372 760 1438 alius
783 1372 933 1439 dominus
958 1375 1145 1462 temporalis
1166 1400 1186 1443 a
1208 1377 1279 1444 loco
1303 1401 1363 1451 suo

97 1490 232 1564 remotus,
270 1480 383 1546 fideles
415 1501 489 1544 suos
514 1477 660 1543 subditos
683 1479 718 1542 in
740 1476 869 1542 illorum
891 1479 1076 1544 innocentia
1097 1481 1140 1546 ad
1173 1481 1371 1552 informatio·

96 1601 153 1646 nem
168 1583 424 1670 improbabilem
458 1592 490 1648 et
511 1581 626 1647 falsam
648 1580 815 1646 hominum
837 1581 995 1647 malorum
1027 1584 1153 1651 deserit.
1181 1570 1375 1656 'Laudatur

96 1683 241 1753 Dominus
276 1687 377 1771 Deus,
416 1696 449 1752 01
470 1695 563 1775 pater
596 1683 748 1750 coelestis
771 1686 805 1749 in
829 1686 989 1752 omnibus.
1287 1760 1290 1764 ,

164 1791 432 1879 Quandocunque
468 1798 576 1856 autem
609 1790 821 1855 communitas
843 1789 968 1876 Pragae
991 1792 1036 1857 ita
1057 1795 1272 1880 perturbatur,
1294 1781 1383 1867 1000,

93 1895 195 1961 rullius
219 1896 354 1976 ordinis,
376 1918 438 1962 nec
455 1897 541 1983 juris
564 1895 719 1960 securitas
755 1894 857 1971 adest,
892 1895 950 1960 sed
983 1898 1028 1961 ita
1050 1897 1133 1963 solet
1153 1898 1235 1982 fieri,
1257 1908 1293 1965 ut
1314 1903 1376 1989 qui

92 2017 252 2081 percussus
277 2012 336 2083 est,
358 2000 414 2065 ille
437 1999 500 2065 sibi
524 2008 640 2083 servet,
665 2007 697 2063 et
719 1999 772 2063 cui
794 2007 892 2086 caput
913 1999 1066 2084 aufertur,
1098 2001 1154 2067 ille
1171 2004 1242 2090 jam
1265 2007 1372 2091 periit.

92 2099 185 2191 Atque
208 2104 291 2169 haec
314 2105 387 2169 talis
422 2103 572 2190 voluptas
607 2102 760 2189 (scilicet)
785 2104 1023 2168 communitatis
1057 2105 1153 2192 hujus
1183 2107 1293 2175 multis
1315 2107 1372 2175 ho·

91 2210 179 2274 restis
203 2217 237 2272 et
257 2209 484 2275 innocentibus
505 2207 689 2272 hominibus
712 2206 866 2271 damnum
888 2209 923 2271 in
943 2208 1030 2273 fama
1059 2219 1092 2274 01
1124 2210 1218 2277 bonis
1255 2212 1374 2297 attulit,

90 2312 143 2380 imo
165 2317 266 2380 etiam
288 2314 417 2400 saepius
439 2313 474 2376 10
497 2313 634 2375 sanitate
658 2311 728 2375 sine
751 2311 840 2374 omni
854 2333 953 2376 causa
968 2313 1159 2397 sufficiente,
1185 2325 1218 2380 et
1240 2325 1290 2382 cst
1304 2325 1370 2383 tam

91 2439 205 2504 secura,
230 2420 315 2484 sicut
335 2417 424 2483 lusus
446 2426 502 2482 aut
523 2416 699 2482 ambulatio
722 2438 795 2481 cum
817 2437 905 2480 urso.
949 2416 1033 2480 Nam
1046 2417 1123 2482 dum
1138 2422 1272 2505 aurigae
1294 2423 1371 2510 equi

89 2526 244 2590 afraenis
267 2523 443 2605 solvuntur,
467 2522 572 2610 qualis
612 2520 767 2586 securitas
799 2540 870 2583 esse
899 2528 1015 2606 potest,
1032 2521 1103 2607 jam
1126 2523 1212 2586 enim
1234 2546 1321 2589 nunc
1341 2525 1380 2602 fit

91 2630 167 2716 quod
189 2628 285 2694 multi
306 2629 340 2692 in
362 2627 483 2692 honore
507 2649 564 2693 suo
587 2625 686 2707 leves,
711 2633 743 2689 01
776 2626 952 2710 contempti
981 2625 1129 2690 homines
1151 2626 1290 2714 pedibus
1315 2628 1373 2694 fir-

89 2737 174 2800 miter
198 2735 360 2816 insistant,
383 2731 563 2798 rectoribus
586 2738 693 2811 autem
718 2730 783 2793 suis
807 2726 934 2810 multis,
968 2729 1086 2816 dignis,
1107 2729 1323 2817 prudentibus
1344 2742 1378 2810 et

89 2837 235 2905 fidelibus
258 2839 386 2903 ruinam
408 2845 533 2925 parant.

625 3090 772 3163 CAPUT
794 3098 846 3165 28.

90 3206 144 3268 Ubi
167 3207 269 3286 agitur
292 3207 329 3266 de
351 3202 457 3266 dolosa
479 3212 509 3264 et
529 3206 717 3284 improbabili
750 3207 867 3266 occulta
897 3203 1002 3283 culpae
1032 3205 1181 3268 delatione
1203 3230 1222 3269 a
1242 3210 1377 3290 Pragen·

88 3295 166 3356 sibus
189 3295 278 3370 lacta,
302 3301 406 3353 contra
426 3294 626 3353 incarceratos
662 3303 691 3352 et
713 3295 796 3352 abire
824 3293 946 3369 jussos;
979 3294 1100 3353 tandem
1130 3296 1167 3353 de
1199 3296 1378 3360 refutatione

431 3389 460 3438 et
482 3381 805 3459 purgationcillornm,
828 3399 941 3457 pacem,
963 3379 1055 3440 dicta.

161 3568 230 3633 Sed
242 3577 277 3632 ut
291 3567 333 3632 ad
345 3570 618 3634 continuationem
631 3569 743 3656 scripti
758 3568 853 3656 hujus
865 3575 1018 3647 revertar,
1032 3568 1200 3633 sciendum
1216 3577 1274 3654 est,
1291 3571 1379 3658 quod

85 3674 177 3759 paulo
199 3684 274 3761 post
297 3675 383 3739 circa
406 3683 531 3760 tempus
554 3673 583 3740 S.
608 3674 739 3738 Martini
760 3674 838 3738 anni
865 3673 960 3761 hujus
987 3673 1073 3738 1524
1094 3674 1248 3761 princeps
1271 3672 1379 3741 Oaro-

86 3776 131 3843 lus
142 3779 334 3864 capitaneus
349 3779 442 3864 regni
458 3780 553 3842 etiam
569 3800 611 3842 ex
621 3777 791 3862 Hungaria
805 3775 1008 3858 advenerint,
1021 3776 1076 3864 qui
1088 3785 1263 3865 antequam
1271 3779 1379 3866 Praga

86 3882 340 3968 adHungariam
350 3884 556 3969 perrexisset,
572 3883 657 3947 inter
668 3881 749 3946 haec
764 3880 968 3947 incommoda
979 3891 1196 3970 temperanter
1212 3905 1248 3948 se
1263 3883 1379 3976 gessit,

86 4007 145 4052 non
161 3986 336 4053 admittens
350 3988 472 4074 pejora,
496 4008 578 4072 quae
600 3986 781 4071 Pragenses
796 3993 828 4048 et
845 3986 1136 4053 Parvo-Partenses
1156 3996 1268 4052 contra
1299 4007 1376 4052 suos

86 4093 235 4157 concives
253 4091 398 4156 severius
420 4099 578 4156 attentare
601 4090 788 4156 voluissent.
826 4089 1073 4177 Quamprimum
1095 4100 1202 4157 autem
1226 4092 1260 4156 10
1284 4089 1380 4156 Ηο0·
1461 4104 1468 4129 ’

85 4197 205 4279 gariam
216 4196 375 4282 pervenit,
385 4194 520 4280 rigidior
530 4203 585 4258 aut
600 4195 741 4258 strictior
750 4192 857 4257 factus
870 4193 931 4258 fuit
944 4193 984 4259 ob
997 4196 1240 4282 instigationem
1251 4192 1374 4281 episco-

85 4320 206 4383 porum,
233 4309 265 4364 01
286 4299 422 4364 abosum
446 4298 646 4387 quorundam
670 4297 835 4362 hominum
857 4299 1068 4363 animantium
1090 4299 1182 4363 illum
1208 4307 1240 4362 01
1254 4321 1378 4385 regem,

85 4408 165 4472 sicut
177 4408 266 4472 fama
277 4405 319 4470 ad
330 4428 389 4471 nos
400 4406 462 4471 fuit
474 4404 589 4486 delata,
601 4414 637 4470 ut
646 4403 848 4469 Lutheranos
862 4403 957 4491 (quos
971 4423 1083 4467 omnes
1099 4401 1190 4484 tales,
1204 4403 1260 4489 qui
1269 4402 1372 4469 liben-

87 4519 133 4577 ter
152 4533 290 4599 praeces
312 4508 355 4574 ad
368 4509 545 4574 Dominum
555 4510 663 4574 Deum
685 4507 854 4582 fudissent,
878 4504 983 4571 eidem
996 4503 1057 4569 soli
1078 4504 1209 4591 placere
1225 4515 1258 4571 et
1271 4505 1378 4592 legem

83 4617 150 4703 ejus
169 4615 311 4681 fideliter
334 4636 466 4680 servare
487 4614 678 4694 voluissent,
701 4613 748 4675 ita
768 4607 992 4694 nominabant)
1015 4609 1050 4672 in
1072 4630 1174 4693 regno
1197 4609 1377 4677 existentes

85 4720 253 4807 exstirpet,
288 4726 321 4783 01
341 4716 533 4785 innihilum
556 4716 684 4803 redigat
705 4713 806 4782 verbo
828 4721 861 4779 et
888 4717 1049 4798 potestate
1070 4714 1170 4800 regia.
1214 4713 1277 4781 1110
1298 4732 1379 4783 vero
