2946 5086
151 162 221 239 tor

151 337 362 407 noluit‘sicut
383 335 515 402 bonum.
558 334 651 401 Alios
673 335 752 401 item
767 335 921 424 expulsos
942 359 985 402 ex
1002 337 1135 403 civitate
1151 343 1343 420 evexerunt,
1369 337 1444 424 quia

149 465 245 532 quem
257 438 437 523 voluerunt,
461 440 552 505 illum
563 440 742 527 quemlibet
762 463 822 527 pro
843 441 1021 507 Pickbarta
1042 451 1254 527 agnoverunt,
1279 443 1386 527 magis
1402 464 1448 525 ex,

148 546 281 628 malitia,
305 568 400 633 quam
424 545 624 631 probatione.
666 544 840 611 Praeterea
862 547 942 611 citra
964 545 1163 612 voluntatem
1184 546 1309 632 regiam
1332 545 1441 611 Vitum

149 650 262 733 Medii,
299 650 429 714 Petrum
460 649 568 730 Nobi‘r,
599 649 749 714 Duikam
779 649 910 737 Kaplne
939 650 1027 715 cives
1051 673 1125 716 suos
1148 650 1346 737 relegarunt,
1370 664 1441 738 post

148 765 301 843 acceptas
334 754 444 819 literas
467 755 575 838 regias
605 753 762 819 malitiam
795 777 886 819 suam
918 754 1156 837 confirmantes,
1192 757 1262 820 sive
1284 754 1358 839 regi
1388 763 1440 819 aut

149 859 222 927 aliis
244 859 376 947 placuit,
401 859 471 928 sive
494 858 670 947 displicuit.

695 1030 841 1115 CAPUT
862 1050 892 1115 4.

148 1249 209 1310 Ubi
234 1255 316 1307 notat
286 1267 360 1321 eur,
392 1246 470 1321 quod
494 1244 631 1305 dominus'
652 1245 726 1304 Lew
749 1246 868 1305 domino
898 1245 1032 1304 Henrieo
1065 1247 1102 1304 de
1133 1246 1310 1324 Rosenberg
1345 1264 1437 1306 came·

149 1336 261 1394 rarium
285 1355 350 1393 eum
374 1333 468 1392 literis
492 1331 665 1393 defensoriis
688 1333 813 1405 miserit
837 1334 959 1410 etquid
983 1332 1094 1392 ibidem
1109 1334 1177 1391 huic
1194 1350 1362 1392 camerario
1375 1352 1440 1392 con

137 1423 263 1535 tigerit.
292 1423 369 1480 Item
402 1423 498 1478 denuo
528 1439 583 1477 rex
606 1421 778 1478 Ludovieus
801 1421 906 1478 literas
930 1421 1166 1496 Pragensibus
1156 1440 1188 1478 m
1213 1440 1307 1480 causa
1328 1423 1440 1498 relege·

590 1516 688 1567 torum
708 1508 896 1567 transmittit.
934 1508 1026 1567 1526

230 1607 478 1676 imminentibus
501 1628 578 1671 vero
609 1605 944 1693 quadragesimalibus
961 1615 1097 1692 quatuor
1119 1605 1320 1693 temporibus
1344 1609 1442 1694 priori

147 1714 232 1778 malo
270 1712 406 1777 accessit
428 1709 525 1789 aliud,
561 1709 637 1774 dum
671 1722 788 1798 nempe
811 1711 962 1775 dominus
983 1710 1062 1777 Lew
1085 1733 1103 1775 e
1125 1712 1220 1795 regni
1235 1711 1365 1800 judicio
1388 1732 1443 1799 pro

148 1828 226 1883 tunc
248 1816 410 1882 celebrato
434 1815 476 1879 ab
500 1815 608 1879 officio
630 1816 720 1879 misit
741 1815 822 1879 duos
845 1817 1039 1879 camerarios
1074 1837 1146 1880 cum
1169 1814 1273 1880 literis
1297 1815 1441 1882 defenso-

149 1923 207 1997 riis
230 1921 273 1986 sd
302 1920 468 1985 dominum
481 1919 660 1983 Henrieum
684 1919 724 1984 de
746 1919 940 2005 Rosenberp
958 1921 992 1983 in
1016 1919 1192 1985 Krumlow.
1216 1919 1307 1999 Quas
1330 1919 1440 1986 literas

146 2029 222 2096 dum
245 2026 438 2114 perlegisset
471 2023 558 2088 idem
593 2023 741 2090 dominus
765 2024 808 2089 de
841 2022 1042 2110 Rosenberg‚
1078 2023 1209 2095 eosdem
1243 2028 1440 2092 camerarios

146 2130 343 2199 incarcerari
360 2129 468 2216 jussit,
503 2128 569 2196 ubi,
583 2129 667 2193 sicut
689 2128 867 2211 dicebatur,
892 2128 1017 2193 duabus
1040 2140 1096 2192 aut
1120 2128 1221 2195 tribus
1245 2129 1365 2195 diebus
1388 2131 1439 2197 de·

145 2239 227 2303 tenti
248 2236 385 2315 fuerant,
410 2230 530 2297 deinde
552 2253 607 2296 eos
630 2232 748 2297 dimitti
765 2234 875 2321 jussit,
908 2232 1066 2298 mandans
1097 2232 1231 2311 eisdem,
1253 2244 1291 2299 ut
1312 2235 1442 2301 easdem

145 2341 255 2406 literas
278 2359 351 2402 cum
375 2336 523 2401 omnibus
548 2336 759 2421 mastigantes
783 2336 985 2422 deglutiant3
1019 2334 1081 2402 boc
1112 2336 1189 2401 dum
1212 2340 1318 2404 coacti
1340 2341 1440 2428 perle-

146 2447 276 2521 cissent,
312 2439 546 2509 mandavitad
567 2439 757 2524 bibendum,
793 2451 948 2528 quantum
979 2440 1169 2523 voluerunt,
1204 2442 1246 2507 de
1278 2445 1356 2509 vino
1379 2445 1440 2510 illis

144 2551 289 2639 porrigi3
311 2548 374 2637 hoc
395 2546 503 2636 facto,
523 2554 629 2613 cutem
663 2546 728 2611 illis
753 2545 867 2619 ,solide
902 2544 1092 2611 verberibus
1126 2548 1255 2611 onerari
1284 2548 1386 2635 jussit
1408 2564 1437 2613 et

145 2655 276 2743 tandem
301 2675 343 2717 ex
365 2673 440 2717 arce
463 2650 591 2732 dimitti,
627 2659 724 2737 atque
756 2671 854 2716 canes
884 2653 919 2714 in
941 2650 1014 2719 illos
1038 2650 1171 2737 impelli,
1195 2651 1301 2717 donec
1326 2655 1436 2717 transi·

147 2761 280 2824 vissent.
324 2756 412 2819 Dum
444 2778 521 2841 ergo
552 2756 721 2820 camerarii
754 2754 961 2831 redivissent,
995 2764 1027 2819 et
1050 2776 1131 2842 quae
1154 2755 1220 2819 illis
1253 2758 1287 2820 in
1318 2758 1439 2844 judicio

149 2861 338 2941 acciderint,
361 2869 575 2941 enarrassent,
599 2858 709 2923 multis
731 2860 842 2941 risum,
866 2859 938 2923 aliis
969 2860 1117 2945 querelas
1141 2871 1340 2928 censerunt·
1368 2862 1437 2927 Hoc

149 2965 269 3033 faictum
302 2974 409 3031 autem
450 2964 527 3029 inde
564 2963 735 3051 provenit,
778 2961 863 3050 quod
903 2962 1051 3049 dominus
1085 2964 1199 3028 Petrus
1237 2965 1278 3029 de
1315 2965 1437 3031 Rosen·

147 3070 238 3156 berg,
264 3069 419 3156 patruelis
442 3070 565 3140 domini
586 3066 721 3147 Henrici
742 3071 962 3157 suprascripti,
989 3093 1030 3134 ex
1054 3069 1114 3133 hac
1136 3071 1203 3133 vita
1227 3070 1437 3155 discessurus,

146 3177 188 3245 i'n
204 3184 394 3243 testamento
423 3197 490 3244 suo
510 3173 760 3238 Krumloviense
794 3172 971 3238 dominium
1007 3178 1079 3239 cum
1113 3174 1263 3247 omnibus
1296 3177 1434 3264 apperti-

147 3279 299 3347 nantibus
334 3279 394 3343 sub
429 3278 567 3365 quadam
602 3277 787 3343 conditione
822 3279 951 3359 domino
988 3279 1066 3343 Lew
1098 3278 1332 3371 possidendum
1365 3280 1434 3344 reli·

92 3444 97 3461 ,
147 3387 259 3474 querit
283 3393 326 3451 et
347 3383 526 3458 tradiderit.
557 3383 649 3469 cujus
677 3384 916 3469 possessionem
951 3382 1100 3466 dominus
1129 3382 1209 3448 Lew
1243 3393 1317 3470 post
1353 3407 1440 3449 mora

146 3499 212 3567 tem
234 3489 355 3557 domini
385 3488 472 3553 Petri
500 3487 612 3555 adire
626 3487 734 3552 brevi
752 3487 956 3572 intendebat,
991 3488 1140 3553 dominus
1170 3487 1334 3556 Henricus
1356 3515 1432 3558 vero

143 3593 470 3683 eidempossessioni
502 3590 685 3674 resistebat,
718 3593 917 3677 prioritatem
945 3593 1030 3680 juris
1064 3615 1099 3657 se
1132 3591 1254 3677 habere
1291 3606 1435 3683 praeten-

144 3700 236 3781 dens,
259 3696 462 3783 obtinuitque
482 3716 504 3767 s
525 3718 604 3783 rege
633 3694 783 3760 dominus
812 3696 986 3778 Henricus,
1018 3697 1104 3784 quod
1134 3719 1170 3762 se
1192 3697 1233 3765 ad
1260 3703 1434 3787 possessio·

143 3824 218 3871 nem
251 3801 347 3889 hujus
380 3799 515 3867 dominii
545 3800 718 3879 immittere
753 3802 908 3887 potuerit,
939 3801 1024 3886 quod
1059 3802 1154 3867 etiam
1189 3803 1307 3869 effecit.
1352 3806 1437 3871 'Pan-

144 3909 218 3989 dem
240 3929 261 3973 u
282 3906 413 3972 domino
436 3906 515 3972 Lew
548 3904 591 3970 ad
620 3908 780 3995 judicium
815 3911 941 3994 citatus,
982 3920 1025 3977 ex‘
1043 3912 1159 3989 ¹causis
1191 3913 1291 3999 justis
1327 3915 1438 3980 sistere

142 4013 265 4091 ibidem
288 4010 402 4092 noluit,
426 4011 531 4075 donec
553 4033 591 4076 eo
615 4012 809 4097 devenisset,
833 4015 919 4099 quod
942 4015 1182 4081 dominusLew
1201 4018 1278 4104 jure
1301 4017 1434 4105 altemm

144 4126 329 4206 superasset
362 4124 394 4180 et
416 4115 473 4180 illa
489 4117 578 4202 juris
597 4120 759 4204 aequitate
792 4120 1016 4206 processisset,
1050 4129 1085 4183 ut
1107 4120 1200 4205 quasi
1223 4132 1337 4210 'contm
1354 4125 1435 4210 juris

143 4223 299 4294 rebellem
308 4242 448 4307 regnum
471 4220 658 4299 universum
683 4232 794 4295 contra
817 4224 955 4289 eundem
978 4223 1156 4289 secundum
1179 4229 1278 4311 regni
1297 4227 1437 4293 instituta

143 4337 175 4399 et
193 4329 264 4397 vim
286 4324 686 4399 militaremeoneitasset.
719 4327 892 4409 Renvero
915 4327 1013 4393 talem
1036 4339 1147 4393 contra
1170 4350 1244 4395 eum
1265 4332 1436 4398 militarem

141 4446 329 4521 processum
352 4427 501 4511 inhibuit,
524 4437 620 4516 atque
642 4434 802 4516 omnibus,
824 4455 866 4497 ne
888 4432 970 4498 baec
991 4442 1099 4518 agant,
1121 4433 1313 4521 mandavit,
1337 4437 1436 4503 citati-

143 4552 222 4609 ones
244 4545 352 4607 tamen
373 4535 578 4613 continuatae
601 4535 741 4622 fuerunt,
777 4541 827 4618 ,ita
849 4547 885 4603 ut
908 4538 1038 4621 tandem
1062 4546 1162 4604 status
1187 4550 1300 4606 contra
1322 4542 1433 4608 volun·

143 4639 352 4723 ta'temregis
376 4637 483 4701 eidem
505 4638 660 4727 obsequio
678 4665 757 4720 ,esse
787 4642 966 4724 noluerint,
1004 4642 1109 4708 donec
1139 4642 1316 4713 adactum
1342 4669 1433 4745 supra

131 4745 259 4817 dietum
276 4747 540 4845 perronium...
574 4796 577 4813 =
669 4818 672 4823 .
770 4804 777 4811 -
