2946 5086
1310 174 1380 261 bet

91 367 164 435 vita
186 361 347 454 corporali
368 383 443 429 snos
463 362 641 452 privarunt,
663 360 699 429 hi
720 381 799 430 vero
820 367 887 431 tam
909 360 1130 452 corporaliter,
1157 372 1257 452 quam
1286 362 1379 452 spiri·

90 469 223 537 tualiter
242 467 438 536 oeciderunt.

540 672 691 743 CAPUT
711 673 930 746 ULTIMUM.
1025 616 1028 620 Ι

91 874 132 932 In
167 890 225 950 quo
245 878 419 950 repetuntur
440 889 541 933 omnes
561 872 619 932 hae
640 871 842 933 dissensiones
862 891 929 932 cum
958 870 1167 948 admiratione,
1197 870 1293 947 quasi,
1328 888 1381 931 our

93 961 180 1019 Deus
201 960 256 1018 hos
279 955 346 1036 pios
369 967 399 1018 et
415 958 516 1037 justos
536 959 671 1019 homines
692 959 805 1020 mmdiu
833 958 865 1018 in
886 959 934 1020 his
956 958 1170 1021 afflictionibus
1199 967 1229 1020 et
1252 957 1378 1020 miseriis

91 1047 259 1122 relinquere
281 1045 422 1123 dignatus
442 1043 538 1106 luerit.
560 1046 637 1106 Item
658 1046 774 1122 qualem
798 1046 962 1126 proiectum
984 1054 1014 1107 et
1043 1045 1192 1108 fortunam
1223 1053 1284 1105 tam
1317 1064 1380 1105 cru·

95 1133 213 1194 delibus
246 1132 383 1212 tyrannis
413 1151 502 1212 snper
533 1134 628 1194 bonos
661 1140 691 1194 et
718 1132 817 1211 justos
847 1134 930 1195 Deus
958 1133 1088 1196 tribuere
1114 1134 1253 1215 dignatus
1284 1131 1381 1194 fuerit.

178 1298 244 1365 Hic
265 1299 371 1367 adhuc
393 1309 518 1389 oportet
538 1323 598 1391 pro
619 1301 727 1369 futura
747 1303 904 1371 memoria
925 1310 1080 1370 annotare
1110 1310 1143 1370 et
1175 1322 1381 1392 nequaquam

93 1405 321 1488 intermittere,
345 1404 481 1494 quilibet
502 1407 589 1474 enim
611 1405 707 1474 homo
729 1406 872 1496 prudens
893 1406 974 1475 illud
996 1406 1202 1476 considerare
1235 1415 1273 1474 et
1283 1407 1381 1496 juxta

95 1508 255 1575 rationem
275 1509 455 1576 naturalem
476 1510 679 1600 perpendere
700 1509 808 1591 debet,
838 1511 925 1602 quod
946 1511 1042 1580 valde
1075 1512 1231 1597 difficilis,
1262 1532 1381 1598 magna

94 1621 129 1679 et
151 1634 194 1679 ex
214 1621 307 1702 parte
327 1613 520 1702 periculosa,
541 1616 666 1683 incerta
687 1623 720 1682 et
741 1615 908 1682 dissimilis
929 1638 982 1683 res
1000 1616 1106 1701 fuerit,
1128 1616 1214 1705 quod
1236 1616 1299 1682 hae
1319 1614 1377 1681 ali·

98 1726 179 1807 quot
198 1739 358 1806 personae
380 1719 493 1786 exules
514 1728 581 1786 tam
609 1719 807 1788 notabilibus
829 1728 863 1787 et
891 1722 969 1788 satis
990 1721 1175 1810 potentibus
1196 1719 1380 1806 ·Pragensi·

95 1823 159 1891 bus
182 1822 375 1908 civitatibus,
398 1831 435 1890 ut
454 1846 531 1913 pars
545 1823 693 1910 adversa,
716 1846 752 1891 se
772 1845 937 1913 opponere
953 1827 1121 1914 potuisset,
1142 1833 1254 1893 contra
1269 1845 1379 1891 eorum

99 1929 302 2017 propositum
323 1928 521 2015 inevitabile,
544 1931 621 2019 quia
636 1927 835 2015 judicarunt,
857 1929 939 1996 illud
961 1952 1033 1997 esse
1053 1929 1280 2020 insuperabile,
1302 1927 1380 1994 licet

99 2040 186 2098 totus
216 2031 356 2100 mundus
387 2042 420 2101 et
439 2033 578 2124 populus
598 2037 771 2102 universus
797 2033 974 2100 seeundum
993 2034 1125 2102 illorum
1155 2036 1381 2102 sentimentum

100 2143 244 2202 armatus
266 2145 379 2203 contra
400 2137 532 2204 eosdem
554 2161 590 2206 se
612 2139 826 2228 opposuisset
859 2137 930 2204 Imo
947 2137 1072 2228 judico,
1093 2139 1167 2206 illos
1188 2135 1381 2205 nou'credi·

96 2240 197 2325 disse,
230 2249 267 2307 ut
298 2243 458 2331 quaedam
488 2252 635 2312 creatura
656 2266 768 2312 eorum
800 2243 957 2310 audacem
978 2245 1189 2312 intentionem
1211 2244 1381 2310 immutare

93 2347 209 2434 possit,
242 2354 338 2435 prout
367 2347 464 2413 nimis
497 2348 636 2436 superbe
668 2357 702 2416 et
730 2347 814 2415 elate
846 2369 916 2413 rem
939 2370 1031 2414 suam
1051 2347 1263 2438 inceperunt3
1286 2345 1380 2413 multi

98 2450 187 2516 enim
222 2471 264 2515 ex
296 2451 469 2540 primariis,
507 2453 561 2536 qui
594 2452 676 2519 elios
708 2452 744 2518 in
767 2451 927 2519 similibus
948 2451 1122 2519 admonere
1155 2461 1187 2518 et
1218 2449 1381 2518 dehortari

94 2553 294 2638 debuissent,
317 2552 469 2623 dicebant
488 2579 558 2623 rem
580 2578 653 2623 esse
673 2549 883 2644 incongruam
908 2565 940 2623 et
971 2555 1040 2623 fere
1068 2554 1313 2644 impossibilem,
1346 2562 1382 2621 ut

92 2659 129 2725 hi
162 2657 273 2725 exules
307 2656 413 2726 denuo
446 2659 661 2729 habitationes
684 2683 758 2728 suas
780 2660 909 2748 Pragae
931 2659 1107 2746 obtineant,
1142 2669 1175 2726 et
1195 2681 1272 2728 vero
1295 2660 1381 2726 simi·

94 2761 159 2828 lius
182 2784 265 2846 esse,
299 2771 335 2829 ut
368 2763 450 2830 haee
482 2765 598 2832 civitas
619 2767 654 2831 in
677 2767 803 2832 cineres
841 2772 874 2829 et
895 2762 1064 2852 pulverem
1088 2771 1302 2847 convertatur,
1325 2771 1381 2830 aut

95 2875 202 2934 turres
224 2867 404 2958 domusque
437 2869 649 2955 invertantur,
685 2892 781 2959 quam
814 2877 850 2934 ut
871 2868 953 2935 haec
983 2867 1054 2934 fieri
1075 2866 1237 2935 deberent
1274 2866 1380 2956 Atque

95 2971 174 3039 dum
203 2994 264 3038 rex
295 2973 481 3040 Ludovicus
509 2974 729 3062 Pragensibus
752 2975 935 3061 scripserat,
957 2972 1126 3058 mandans,
1155 2980 1190 3038 ut
1207 2971 1281 3038 illos
1303 2993 1381 3038 exu-

96 3077 146 3144 les
169 3076 276 3143 denuo
304 3079 340 3145 in
369 3079 533 3146 civitatem
566 3088 598 3146 et
633 3080 668 3145 in
690 3078 776 3146 bona
797 3076 926 3144 illorum
948 3076 1131 3161 immittant,
1164 3075 1311 3142 solebant
1332 3074 1380 3143 di·

98 3202 185 3264 cere,
209 3180 295 3269 quod
317 3182 346 3247 si
366 3203 427 3249 rex
449 3183 545 3248 etiam
577 3182 709 3272 plenum
742 3203 872 3248 currum
903 3180 1015 3246 talium
1036 3179 1200 3246 literarum
1230 3182 1380 3263 mitteret,

94 3306 180 3374 quae
213 3286 310 3351 etiam
342 3307 420 3352 auro
451 3287 590 3375 scriptae
620 3286 736 3370 forent,
767 3307 803 3353 ee
824 3286 918 3353 aliter
939 3293 1048 3351 omen
1068 3306 1135 3351 nou
1154 3282 1316 3370 hamram
1349 3292 1382 3351 et

94 3388 165 3455 fere
196 3387 348 3456 addicta
377 3390 459 3456 haec
480 3397 696 3475 accesserunt,
729 3389 817 3479 quod
846 3391 942 3457 citius
965 3386 1090 3454 coelum
1113 3396 1145 3455 et
1166 3396 1253 3455 terra
1274 3394 1381 3454 trans·

94 3493 199 3572 ibunt,
221 3517 318 3581 quam
340 3503 375 3561 ut
397 3516 508 3560 eorum
527 3494 627 3563 verba
648 3494 810 3563 verificari
832 3517 897 3562 non
920 3492 1086 3577 deberent,
1107 3491 1234 3578 aliaque
1266 3491 1317 3559 his
1339 3491 1381 3559 si·

94 3598 187 3664 milia
207 3599 309 3665 multa
340 3598 381 3665 ab
411 3602 498 3667 omni
520 3601 744 3689 aestimatione
772 3599 879 3667 aliena
910 3597 1112 3688 protulerunt
1142 3598 1178 3665 in
1212 3596 1381 3687 vilipensi-

97 3725 194 3771 onem
215 3712 248 3769 et
269 3711 486 3792 contemptum
508 3705 594 3792 regis
617 3702 739 3770 domini
761 3706 821 3790 sui,
844 3703 974 3770 tandem
992 3703 1089 3769 etiam
1104 3723 1163 3790 pro
1178 3723 1237 3768 sua
1250 3703 1382 3790 propria

93 3808 299 3874 inhonestate
333 3817 365 3874 et
397 3808 536 3875 ludibrio
558 3809 675 3892 futuro,
709 3808 795 3897 quod
817 3829 1021 3897 nequaquam
1054 3808 1176 3874 evitare
1197 3813 1380 3896 potuerunt

93 3913 185 3978 Deus
208 3934 285 3979 vero
308 3935 373 3979 non
395 3912 546 3980 observat
566 3921 600 3980 et
620 3934 685 3979 non
707 3913 816 3978 horret
837 3913 922 3978 vires
949 3919 982 3978 et
999 3911 1175 4000 potentiam
1196 3911 1379 3994 humanam,

92 4015 154 4084 sed
190 4024 312 4082 rectam
348 4018 517 4107 justitiam,
557 4017 775 4083 innocentiam
812 4022 845 4081 et
879 4016 913 4081 in
949 4014 1179 4082 afflictionibus
1215 4013 1380 4089 hominum

91 4121 313 4187 innocentium
335 4121 523 4209 patientiam
555 4143 576 4186 a
596 4120 756 4210 principio
784 4118 897 4185 mundi
933 4141 1036 4208 usque
1069 4117 1112 4184 ad
1142 4120 1227 4186 hanc
1256 4128 1380 4186 moram

91 4224 277 4291 considerat
309 4234 342 4291 et
373 4225 513 4292 custodit
544 4249 584 4293 ac
618 4233 726 4292 tuetur
765 4215 927 4291 adversus
961 4222 1108 4290 homines
1148 4213 1378 4308 fraudulentos,

92 4327 274 4417 dequibus
308 4331 405 4397 etiam
437 4353 504 4397 non
537 4330 679 4414 desistet,
713 4349 816 4417 usque
845 4327 888 4394 ad
910 4327 1218 4397 consummationem
1248 4327 1379 4395 saeculi.

91 4433 186 4500 Haec
207 4442 304 4501 antea
325 4437 490 4524 proposita
512 4457 571 4524 pro
594 4435 774 4501 certissimo
796 4431 1006 4499 fundamento
1040 4431 1102 4498 sibi
1126 4432 1262 4520 quilibet
1283 4423 1378 4502 homo

92 4559 262 4606 assumere
295 4538 402 4625 debet,
435 4539 522 4628 quod
543 4540 625 4607 haec
646 4540 693 4606 ita
714 4558 794 4605 vera
823 4536 903 4622 sint3
936 4533 1057 4601 factum
1091 4537 1177 4602 enim
1198 4539 1377 4625 nuno'firit,

92 4643 181 4734 quod
202 4643 294 4709 Deus
316 4643 474 4732 quosdam
496 4644 648 4712 homines
664 4640 798 4727 miserit,
833 4641 889 4729 qui
911 4638 1011 4707 variis
1033 4636 1138 4704 modis
1151 4647 1193 4704 et
1213 4642 1287 4727 viis,
1320 4642 1377 4710 illo

93 4750 165 4837 ipso
188 4747 375 4832 auxiliante,
399 4748 480 4818 haec
502 4747 639 4818 dissidia
659 4753 870 4835 componant,
904 4742 955 4812 cui
986 4741 1076 4831 operi
1108 4742 1267 4812 veraciter
1292 4740 1379 4815 assi·
