2946 5086
1336 183 1381 255 73

92 356 228 442 legatur,
267 361 300 420 et
323 352 351 416 si
374 352 446 440 quis
468 349 592 439 aliquid
625 353 773 418 omittere
806 353 916 438 vellet,
949 361 1005 421 661
1024 354 1189 420 immutari
1226 361 1259 421 61
1291 357 1381 426 aliud

92 461 177 546 poni,
200 459 238 522 id
260 456 343 522 nulli
366 455 564 537 admittatur,
588 455 695 522 nullus
719 458 805 521 enim
826 456 933 523 bonae
954 461 1072 524 mentis
1094 459 1156 523 hac
1177 461 1295 525 astutia
1316 470 1383 527 ute-

95 571 153 646 tur,
187 570 226 627 ut
248 582 308 626 nos
331 558 373 624 ab
395 560 609 625 unanimitate
642 559 828 644 abduceret,
865 562 930 626 nisi
962 560 1046 627 forte
1069 564 1125 650 qui
1155 586 1191 629 66
1214 565 1382 633 vindicare

96 669 197 736 vellet
217 667 259 734 ob
281 675 429 732 nostrum
451 667 662 755 propositum.

177 773 279 855 Item;
304 773 489 859 quicunque
510 771 647 856 relegati
671 780 746 837 sunt
768 772 809 837 de
832 774 949 838 minori
980 772 1061 838 urbe
1083 773 1252 858 Pragensi,
1291 774 1385 840 etde

96 876 242 962 Augezd,
267 883 299 939 et
319 875 393 940 illos
418 876 451 939 in
475 877 609 962 antiqua
631 877 763 941 civitate
786 877 917 965 quidam
932 884 1134 963 receperunt,
1157 876 1275 940 talibus
1293 898 1383 942 man·

97 981 197 1063 detur,
222 981 249 1042 si
272 979 398 1060 adsunt,
422 987 458 1042 ut
478 980 564 1043 intra
585 979 727 1045 triduum
749 980 919 1067 recedant3
944 983 973 1045 si
994 987 1112 1063 autem,
1136 981 1191 1066 qui
1215 1002 1270 1044 eos
1293 1002 1382 1045 rece-

102 1085 157 1171 pit,
180 1083 217 1147 id
238 1082 347 1148 facere
369 1083 522 1158 renuerit,
546 1081 634 1147 idem
656 1083 728 1170 ipse
748 1105 814 1148 una
835 1107 909 1150 cum
932 1083 1050 1150 talibus
1071 1083 1224 1168 relegatis
1248 1082 1288 1147 16
1304 1084 1385 1152 urbe

100 1195 204 1269 exeat,
229 1195 261 1251 61
284 1185 414 1261 6116166,
438 1187 493 1272 661
514 1185 587 1249 11166
609 1187 811 1273 receperunt,
838 1188 903 1253 sint
924 1187 1070 1277 ejusdem
1093 1185 1289 1251 conditionis
1312 1204 1386 1252 cum

98 1290 249 1378 receptis,
273 1288 359 1376 quod
382 1311 418 1353 se
440 1288 481 1353 (16
503 1288 568 1353 fide
586 1291 721 1376 jactent,
745 1289 939 1357 boniautem
963 1291 1045 1356 nihil
1057 1299 1165 1377 agant,
1189 1289 1387 1380 talesaequo

96 1393 185 1459 abire
209 1400 378 1479 cogantur.

186 1496 270 1561 Item
309 1496 522 1560 communitas
554 1497 659 1584 major
691 1497 725 1560 in
760 1495 822 1561 hoc
845 1498 993 1579 assensit,
1031 1519 1070 1562 66
1103 1497 1232 1562 domino
1256 1499 1381 1564 consuli

94 1602 218 1687 totique
249 1600 375 1664 senatui
408 1599 585 1683 mandavit,
619 1608 655 1663 ut
683 1600 825 1664 civitatis
862 1602 1126 1665 communitatem
1159 1603 1319 1687 integram
1341 1603 1384 1668 ad

96 1705 176 1770 baec
200 1704 310 1780 citent,
351 1712 385 1768 61
417 1726 535 1790 nempe
558 1701 696 1791 quilibet
729 1703 943 1791 personaliter
976 1703 1052 1768 data
1074 1726 1172 1770 manu
1194 1706 1383 1793 profiteatur

97 1808 196 1873 talem
221 1807 263 1871 ad
286 1828 384 1894 supra
407 1807 493 1871 (11616
517 1829 720 1890 consensum,
743 1807 864 1893 illaque
888 1809 997 1872 omnia
1020 1809 1137 1894 exequi
1159 1811 1333 1895 promittat,
1356 1819 1389 1876 et

99 1914 152 1999 qui
176 1911 371 1999 promiserit,
394 1910 450 1975 ille
473 1910 532 1976 sub
555 1910 617 1975 hoc
641 1933 802 1977 consensu
818 1910 1049 1978 subscribatur.
1092 1911 1211 1976 Actum
1242 1915 1276 1977 in
1299 1935 1385 1978 com·

97 2017 263 2099 munitate,
286 2023 322 2078 ut
339 2036 452 2100 supra.

181 2120 227 2184 Hi
251 2128 326 2183 sunt
362 2117 412 2183 illi
434 2117 594 2204 praeclari
624 2116 752 2182 articuli
774 2139 795 2181 a
816 2118 1038 2204 Pragensibus
1075 2122 1230 2203 conclusi,
1269 2118 1386 2206 quibus

98 2223 329 2309 obligationem
352 2224 473 2287 civium
501 2221 754 2303 adstrinxerunt,
792 2221 835 2285 ad
858 2244 942 2309 quae
965 2246 1000 2288 se
1024 2237 1089 2289 tarn
1113 2228 1239 2290 intense
1262 2225 1388 2309 obliga-

98 2337 221 2410 verunt,
257 2337 292 2392 ut
322 2327 529 2414 postmodum
551 2348 611 2390 rex
633 2326 858 2391 Ferdinandus
882 2337 1012 2393 coactus
1035 2330 1140 2412 fuerit,
1174 2329 1247 2393 illos
1270 2329 1305 2392 vi
1328 2328 1387 2392 eri-

99 2429 417 2518 pereetannihilare.
439 2430 492 2495 De
515 2453 578 2516 quo
600 2439 715 2517 agetur
737 2429 819 2494 libro
842 2439 965 2516 quarto,
989 2454 1056 2519 cap,
1070 2434 1122 2498 21.
1147 2453 1227 2519 6666
1251 2452 1389 2517 acquum

100 2545 155 2617 est,
177 2534 233 2600 vel
255 2534 398 2618 laudare,
434 2545 489 2599 aut
519 2537 713 2621 vituperare,
742 2538 840 2623 juxta
862 2543 1009 2600 naturam
1032 2535 1205 2622 cujuslibet
1238 2533 1388 2618 hominis,

101 2641 148 2704 cui
168 2641 242 2727 quis
265 2639 419 2727 proclivis
443 2648 500 2704 est.

642 2828 788 2895 OAPUT
812 2833 864 2897 26.

101 2957 134 3015 16
155 2975 215 3033 666
246 2956 355 3033 agitur,
389 2961 536 3032 quomodo
564 2957 734 3032 Pragenses
765 2965 833 3034 6661
866 2958 1035 3016 conclusum
1070 2958 1173 3015 horum
1197 2956 1388 3015 articulorum

102 3063 163 3103 cum
188 3044 304 3103 civibus
339 3044 549 3121 subegerint,
586 3045 657 3102 dum
691 3045 785 3103 bonos
820 3054 849 3102 61
873 3044 1011 3121 66611666
1046 3045 1179 3103 homines
1202 3042 1389 3117 afflixerunt,

320 3130 363 3188 ita
384 3133 463 3207 quod
487 3149 563 3190 6666
588 3129 673 3189 alteri
695 3130 789 3189 libere
812 3131 894 3208 loqui
926 3151 985 3189 non
1009 3130 1047 3187 sit
1069 3149 1167 3189 ausus.

184 3282 274 3346 Dum
313 3283 480 3368 scitaque
515 3304 586 3345 cum
611 3274 841 3346 dommunitate
864 3280 1121 3367 conjunxissent,
1160 3287 1191 3342 et
1215 3278 1277 3342 sibi
1300 3276 1388 3342 illam

100 3387 275 3472 obligatam
309 3383 537 3467 reddidissent,
573 3378 654 3449 illud
685 3393 758 3448 actu
781 3383 843 3447 hoc
866 3383 1144 3462 confirmaverunt,
1184 3381 1269 3466 quod
1293 3379 1388 3468 paulo

99 3501 172 3578 post
208 3487 384 3554 aconsule
418 3497 450 3552 et
472 3487 674 3554 senatoribus
712 3487 908 3574 incipiendo,
947 3509 1050 3573 usque
1083 3485 1125 3548 61
1149 3507 1261 3548 onmes
1300 3486 1388 3549 cives

100 3593 251 3682 stipulata
275 3614 372 3658 manu
396 3593 521 3668 consuli
543 3594 684 3658 invicem
708 3593 804 3657 totius
828 3591 1075 3672 communitatis,
1109 3589 1287 3655 secundum
1311 3611 1389 3653 con·

100 3697 301 3763 suetudinem
335 3697 394 3762 166
431 3699 581 3762 articulos
619 3699 701 3762 tueri
740 3707 772 3761 ct
809 3697 984 3761 defendere
1023 3696 1241 3781 promiserint,
1284 3702 1317 3756 61
1352 3693 1389 3758 11

99 3801 219 3866 factum
240 3801 302 3865 hcc
324 3802 433 3874 modo,
472 3804 564 3887 quasi
587 3801 627 3866 de
650 3824 735 3866 novo
754 3805 809 3888 jus
833 3800 931 3866 civile
953 3807 1164 3879 assumerent,
1205 3797 1263 3862 sed
1285 3796 1389 3861 solum

100 3905 160 3971 hoc
182 3905 304 3969 sactum
328 3905 473 3987 66111116,
498 3908 597 3991 66116
623 3907 774 3971 citatione
797 3906 1036 3970 communitatis
1065 3902 1228 3968 antedicta
1249 3903 1390 3987 separati

97 4009 228 4075 fuerunt
260 4007 385 4091 61116,
424 4032 504 4095 quos
536 4018 703 4096 suspectos
726 4011 760 4072 in
783 4019 872 4073 secta
893 4007 1101 4074 Piokhartica
1124 4007 1314 4087 habuerunt,
1349 4014 1382 4070 et

98 4116 139 4181 61
162 4122 356 4180 conventus.
373 4115 611 4179 communitatis
641 4117 752 4178 vocari
775 4136 840 4177 non
864 4114 1028 4194 solebant,
1044 4114 1126 4176 sicut
1148 4119 1244 4173 66166
1267 4108 1390 4173 dictum

98 4223 168 4288 fuit.
214 4221 302 4301 Quid
323 4241 401 4284 vcro
424 4220 560 4284 ulterius
590 4240 663 4282 cum
685 4218 805 4282 talibus
830 4220 988 4305 suspectis
1011 4217 1132 4281 factum
1153 4215 1250 4278 fuerit
1273 4223 1305 4277 et
1327 4234 1389 4301 quo

98 4327 172 4392 illos
196 4326 365 4406 verterint,
400 4327 433 4388 in
458 4323 542 4410 libro
576 4322 718 4387 secundo
749 4323 936 4387 recensebo.
981 4323 1045 4387 Hic
1068 4321 1268 4387 solummodo
1291 4344 1390 4387 anno·

98 4430 230 4513 tabitur,
265 4428 352 4515 quod
385 4435 460 4515 post
495 4429 559 4493 tale
594 4428 782 4492 conclusum
816 4427 1024 4492 articulorum
1058 4427 1202 4491 severius
1226 4427 1389 4492 cumillis

98 4537 236 4622 egerint,
271 4535 312 4598 ob
345 4532 570 4619 exequendam
604 4555 695 4596 suam
730 4532 848 4594 malam
881 4531 1103 4596 intentionem.
1147 4530 1390 4596 Afflictionibus

97 4642 184 4705 enim
221 4639 323 4702 variis
368 4638 457 4701 cives
481 4648 513 4701 61
554 4639 675 4702 amicos
709 4658 785 4701 6666
809 4654 910 4714 caros,
950 4645 982 4699 et
1014 4635 1161 4699 homines
1201 4638 1390 4701 innocentes

97 4749 328 4825 oneraverunt,
358 4740 546 4828 judicantes
582 4763 616 4807 se
646 4742 692 4809 ita
713 4740 785 4805 Deo
809 4737 942 4823 servire,
977 4747 1073 4826 atque
1096 4738 1319 4824 decreverunt,
1352 4748 1391 4804 ut
