2946 5086
1323 206 1387 278 239

95 398 159 444 non
189 377 232 444 sit
254 375 440 443 satisfacere
470 373 600 443 domino
636 396 694 444 suo
715 374 800 456 ideo,
822 397 865 443 nc
886 374 1018 444 laedant
1039 375 1180 445 edictum
1211 378 1297 466 regis
1318 376 1383 446 Lu·

97 481 215 560 devici,
239 483 267 547 si
290 489 402 547 contra
428 478 509 547 illud
531 479 698 569 quaedam,
727 482 819 570 quasi
840 503 900 548 rex
921 481 1218 550 hic'sufficientem
1238 490 1376 573 potesta·

99 595 163 652 tem
185 607 253 652 non
274 585 411 651 haberet
432 606 504 650 cum
527 584 718 652 consiliariis
742 586 808 651 suis
840 584 922 652 haec
948 585 1068 674 agendi
1103 596 1135 654 et
1156 587 1261 656 edicto
1283 587 1389 655 affinis

97 693 145 756 sui
167 690 399 779 prospiciendi,
423 689 480 757 sed
503 689 588 778 quod
611 689 660 756 illi
682 689 743 756 soli
763 690 848 758 hanc
868 699 1061 781 potestatem
1082 691 1222 761 habeant
1243 693 1294 761 his
1316 715 1388 783 pro·

57 800 66 818 '
96 795 241 862 videndi.
286 794 433 861 Tandem
467 794 659 862 exeuntibus
691 795 911 884 Pragensibus
956 795 997 865 ab
1029 796 1097 864 illis
1130 797 1269 867 dominis
1302 821 1390 867 com·

96 900 256 967 missariis
279 900 390 966 exules
423 901 557 967 seorsim
575 901 680 968 vocati
700 900 838 987 fuerunt,
860 901 917 968 ubi
947 902 1070 969 eisdem
1107 904 1215 970 omnia
1245 904 1391 973 intimata

96 1014 180 1090 sunt,
199 1005 295 1092 quale
316 1027 507 1093 responsum
528 1005 709 1093 Pragenses
732 1005 890 1091 dederint,
914 1028 997 1096 quae
1025 1007 1074 1075 illi
1089 1006 1268 1094 audientes,
1299 1031 1390 1076 asse-

96 1120 255 1179 vorarunt
266 1132 300 1177 se
311 1112 345 1177 in
368 1110 457 1177 nulla
478 1110 588 1177 hacre
600 1132 730 1178 causam
745 1108 835 1196 esse,
855 1113 939 1178 sicut
960 1112 1041 1179 alias
1052 1113 1094 1180 ab
1107 1114 1154 1181 cis
1174 1112 1296 1180 dictum
1311 1112 1388 1199 liunt,

96 1227 127 1283 et
150 1217 179 1282 si
201 1216 323 1305 aliquid
346 1216 467 1284 domini
490 1219 702 1286 commissarii
732 1218 773 1284 de
794 1217 859 1284 illis
882 1218 985 1285 sciant
1014 1218 1145 1286 devium
1168 1226 1200 1286 et
1233 1217 1391 1285 inhones-

95 1330 175 1406 tum,
212 1322 298 1411 quod
331 1345 366 1388 se
401 1323 548 1391 lubentes
582 1326 774 1392 correctioni
813 1322 974 1413 subjicere
996 1323 1109 1408 velint,
1143 1332 1175 1390 et
1207 1321 1293 1411 quod
1308 1411 1311 1418 Ι
1326 1344 1393 1389 non

96 1435 223 1492 tantum
246 1429 281 1492 in
302 1428 390 1514 regis
414 1429 537 1496 domini
560 1432 619 1516 sui,
652 1453 765 1498 verum
789 1429 883 1496 ctiam
906 1431 941 1495 in
971 1430 1262 1496 commissariorum
1286 1427 1392 1494 edicto

97 1530 277 1597 subsistere
299 1540 332 1597 ct
353 1536 495 1600 contenti
518 1558 589 1601 esse
612 1535 723 1621 velint,
745 1544 903 1624 petentes,
937 1542 974 1601 ut
1001 1534 1084 1600 haec
1104 1535 1182 1620 regi
1197 1531 1392 1617 deferantur,

96 1635 186 1725 quod
207 1634 272 1702 illis
295 1638 392 1703 etiam
414 1638 569 1727 possibile
591 1662 657 1705 non
680 1641 722 1705 sit
743 1661 816 1706 cum
839 1636 977 1707 adversa
1005 1647 1098 1728 parte
1120 1637 1392 1731 transigeresine

94 1742 146 1807 sui
168 1739 313 1806 admisso
334 1741 475 1828 Pragam
503 1743 609 1809 reditu
642 1743 684 1809 ad
705 1743 791 1810 bona
821 1752 854 1809 et
885 1744 1016 1830 negotia
1038 1765 1106 1830 sua,
1135 1742 1196 1808 hoc
1226 1741 1392 1823 addentes,

95 1844 185 1934 quod
206 1867 272 1910 non
294 1853 418 1912 tantum
439 1846 526 1913 bona
548 1871 615 1932 sua,
637 1871 750 1915 verum
773 1848 870 1914 etiam
892 1847 1057 1926 honorem,
1090 1848 1156 1913 imo
1178 1847 1278 1913 vitam
1300 1866 1392 1911 suam

94 1944 227 2016 domino
251 1973 307 2017 suo
329 1952 401 2039 regi
423 1961 455 2018 et
476 1950 541 2018 illis
563 1952 704 2020 dominis
734 1953 962 2020 commissariis
985 1944 1393 2018 confidere'velint'Haec

93 2054 205 2144 itaque
234 2057 368 2122 actionis
399 2079 496 2123 causa
526 2059 642 2125 iterum
671 2058 848 2125 annihilata
878 2058 948 2124 fuit.
1004 2056 1078 2124 Non
1110 2063 1159 2121 est
1196 2053 1392 2143 superfluum

93 2184 166 2227 rem
187 2162 404 2228 necessariam
427 2165 555 2252 saepius
587 2174 734 2254 repetere
768 2174 800 2230 et
831 2184 998 2230 renovare.
1047 2161 1165 2226 Mirum
1194 2171 1242 2225 est
1268 2157 1311 2224 de
1341 2157 1393 2224 his

95 2267 237 2332 dominis
259 2266 486 2354 Pragensibus,
519 2268 605 2357 quod
628 2271 698 2335 sine
720 2270 808 2335 omni
835 2266 1032 2336 verecundia
1053 2265 1206 2356 injuriam
1237 2272 1269 2329 et
1290 2263 1391 2352 hypo-

96 2373 219 2460 crysim
242 2373 330 2439 omni
352 2381 496 2461 tempore
519 2377 590 2441 ausi
611 2375 732 2442 fuerint
753 2374 815 2441 sibi
838 2374 873 2439 in
895 2373 1053 2439 auxilium
1075 2391 1248 2454 assumere,
1285 2368 1394 2435 dicen·

95 2484 155 2561 tes,
187 2476 273 2565 quod
291 2478 360 2566 jam
383 2477 611 2546 resolutionem
647 2489 679 2546 et
700 2502 770 2545 rem
787 2477 968 2568 judicatam
989 2478 1114 2543 ratione
1135 2475 1350 2561 relegatorum
1372 2494 1393 2537 a

96 2603 174 2668 rege
196 2581 364 2649 Ludovico
395 2582 515 2649 editam
543 2586 741 2674 possideant,
774 2584 831 2651 ubi
861 2592 969 2650 tamen
996 2584 1068 2672 jam
1090 2577 1325 2646 antecedenter.
1352 2574 1393 2641 de

96 2689 147 2754 his
170 2691 205 2755 in
227 2690 330 2779 primo
352 2690 436 2757 libro
459 2694 547 2759 circa
568 2691 666 2757 finem
701 2690 900 2756 sufficienter
922 2688 1010 2755 dicta
1043 2686 1192 2770 fuerunt3
1227 2703 1311 2749 anne
1332 2679 1394 2748 hoo

95 2816 155 2881 pro
180 2794 298 2879 edicte,
323 2803 411 2862 etro
430 2795 578 2885 judicata
601 2797 684 2861 sumi
706 2803 824 2885 potest,
847 2793 1019 2862 autnon?
1047 2792 1123 2859 dum
1151 2812 1226 2880 pars
1257 2788 1395 2855 adversa

95 2901 335 2967 accusationem
358 2900 483 2967 occulte
517 2910 549 2968 et
572 2902 706 2968 seorsim
744 2901 862 2968 factam
896 2909 1011 2988 negat,
1035 2922 1078 2966 ex
1110 2896 1260 2965 omnibus
1278 2900 1396 2988 ¹autem

98 3005 150 3070 his
185 3003 268 3070 illud
290 3007 432 3072 maxime
454 3005 679 3072 admirandum
715 3017 772 3091 est,
803 3006 891 3095 quod
925 3007 996 3071 sine
1018 3003 1107 3070 omni
1130 3000 1321 3090 exceptione
1353 2995 1395 3063 de

97 3109 154 3175 illa
176 3129 213 3173 re
233 3108 380 3196 judicata
402 3111 502 3177 locuti
522 3112 650 3196 fuerint,
680 3108 919 3199 comprehendo
941 3110 977 3175 in
998 3108 1051 3174 his
1073 3106 1259 3173 indistincte
1281 3122 1393 3170 omnes

97 3213 272 3299 relegatos,
295 3222 328 3280 et
348 3238 413 3281 non
436 3216 629 3305 excipiendo
651 3237 814 3304 personas.
844 3214 938 3280 Haec
960 3214 1047 3279 enim
1069 3220 1118 3277 est
1143 3217 1231 3276 certa
1253 3205 1394 3285 etclara

93 3324 226 3393 veritas.
251 3320 338 3405 quod
360 3322 505 3410 exceptis
528 3329 652 3411 septem
678 3321 843 3410 personis,
877 3340 994 3407 nempe
1016 3316 1143 3384 Joanne
1164 3312 1306 3396 Hlawsa,
1327 3309 1395 3404 Da·

92 3429 180 3494 niele
202 3427 342 3512 Rausch,
378 3428 533 3514 magistro
560 3425 754 3494 Wenceslao
787 3423 950 3508 Daniele,
983 3422 1110 3490 Joanne
1138 3419 1275 3485 Erasmo
1287 3464 1297 3496 ‚
1328 3434 1396 3480 ma·

91 3534 196 3622 gistro
218 3532 374 3621 Brykcio,
410 3532 545 3599 Nicolao
569 3530 689 3599 Schorf
707 3540 739 3596 et
759 3528 869 3596 Blasio
891 3526 1064 3618 pannifice,
1096 3523 1203 3592 nullus
1237 3523 1316 3590 alias
1354 3544 1397 3592 ex

92 3636 249 3725 relegatis
272 3645 349 3703 tunc
371 3660 526 3726 praesens
548 3637 653 3722 fuerit,
685 3634 813 3725 quando
836 3636 989 3724 princeps
1013 3655 1087 3700 cum
1121 3631 1288 3697 civitatum
1309 3625 1395 3694 able·

94 3745 184 3832 gatis
208 3741 355 3830 querelas
378 3744 534 3832 cujusque
555 3741 655 3830 partis
678 3740 865 3831 specialiter
885 3741 920 3806 in
943 3738 1032 3805 curia
1048 3737 1118 3803 sine
1141 3735 1227 3803 omni
1247 3730 1394 3822 judicato

90 3847 229 3931 audivit,
251 3855 419 3935 praeterea
441 3869 503 3913 nec
524 3848 596 3935 ipsi,
618 3869 679 3912 nec
701 3847 784 3914 ullus
808 3845 890 3913 alius
908 3843 1074 3934 judicatus
1108 3841 1178 3908 fuit.
1222 3836 1291 3905 Imo
1321 3836 1397 3903 dum

92 3974 209 4021 omnes
231 3950 362 4017 insimul
390 3953 584 4040 petiverunt,
617 3959 651 4016 ut
682 3949 787 4017 audiri
816 3951 952 4040 possint,
996 3957 1029 4015 et
1062 3947 1127 4013 suis
1159 3939 1399 4010 accusatoribus

91 4055 305 4145 respondere,
328 4056 357 4121 si
379 4056 435 4143 qui
456 4063 643 4144 praesentes
666 4054 795 4139 fuerint,
830 4076 995 4144 nunquam
1016 4050 1098 4119 illud
1129 4046 1275 4116 othnere
1306 4053 1397 4135 potu·

91 4169 199 4241 erunt,
223 4159 281 4225 sed
302 4158 461 4226 violenter
483 4182 525 4226 ex
547 4159 676 4227 civitate
698 4158 865 4226 discedere
882 4160 967 4249 jussi
999 4166 1082 4224 sunt.
1123 4152 1203 4240 Inro,
1235 4158 1308 4240 post
1343 4148 1399 4215 ha·

91 4266 195 4333 bitam
219 4286 238 4329 a
259 4264 407 4352 principe
429 4264 627 4330 audientiam
656 4262 756 4352 aliqui
785 4264 890 4352 primo
927 4270 1001 4352 post
1033 4261 1175 4350 quinque
1205 4255 1400 4347 quadrantes

94 4371 184 4447 anni,
220 4367 350 4458 quidam
372 4390 450 4434 vero
473 4378 546 4457 post
577 4368 795 4434 semialterum
817 4388 937 4433 annum
959 4364 1094 4432 admissi
1123 4363 1261 4445 fuerunt,
1286 4377 1396 4449 ‘usque

103 4475 183 4541 dum
206 4494 243 4538 eo
266 4471 398 4540 tandem
421 4474 615 4559 devenisset,
638 4470 766 4562 quando
789 4472 878 4537 citati
893 4471 1023 4536 fuerunt
1044 4468 1086 4535 de
1102 4487 1186 4533 novo
1208 4485 1267 4555 per
1287 4464 1396 4552 regias

98 4577 212 4644 literas
235 4575 296 4643 sub
325 4581 437 4666 poenis
459 4577 655 4668 pecuniariis
677 4574 883 4660 notabilibus,
907 4576 1000 4642 multi
1023 4573 1111 4640 cives
1133 4571 1327 4657 Pragenses,
1360 4571 1397 4632 ut

99 4683 321 4749 testimonium
343 4684 521 4774 praebeant
554 4690 666 4750 contra
687 4689 791 4749 certas
813 4703 979 4771 personas,
1014 4689 1047 4745 et
1069 4697 1144 4744 suos
1168 4675 1321 4743 concives
1356 4668 1398 4739 ob

100 4791 160 4862 has
184 4788 364 4862 discordias
386 4811 444 4880 per
466 4789 717 4880 supplicationes
729 4787 944 4875 insinuarunt,
967 4782 1053 4877 quod
1067 4779 1223 4874 possibile
1252 4799 1317 4848 non
1355 4776 1399 4844 sit
