2946 5086
153 383 238 450 sens,
260 362 397 431 honeste
418 360 524 428 eidem
545 360 675 429 obviam
706 361 865 451 precessit
891 380 994 448 usquc
1026 359 1069 428 ad
1098 363 1331 431 monasterinm
1360 364 1422 432 Slo·

150 486 294 536 renense
325 465 550 553 Neo-Pragam
588 474 620 531 et
651 465 771 532 abinde
807 487 880 532 cum
915 464 1030 530 eadem
1065 463 1107 531 ad
1139 488 1248 533 arcem
1274 472 1423 556 perrexit.

145 571 294 638 Tandem
314 568 370 637 die
390 570 502 637 Martis
523 578 599 658 post
619 568 706 635 diem
727 571 883 636 memoria
915 569 1048 655 dignam
1084 572 1233 657 magistri
1270 572 1422 640 Johannis

145 675 243 743 Husii
275 675 340 763 (ll.
363 673 443 762 Jul.)
474 675 581 762 partui
606 672 803 756 accelerans,
844 681 939 739 nocte
959 695 1152 760 praegressa
1171 678 1301 764 peperit
1320 677 1424 761 filiam,

147 800 230 870 qnae
250 778 411 868 baptisata
443 778 504 845 fuit
524 776 579 844 die
599 778 772 845 Dominica
807 799 885 843 mox
916 782 1071 865 sequenti,
1109 787 1142 844 et
1174 778 1286 847 datram
1320 783 1352 848 ei
1370 783 1426 848 fuit

148 905 267 953 nomen
289 883 394 951 Anna.

231 988 378 1054 Tandem
408 995 578 1077 postquam
606 985 731 1052 tamdiu
760 990 831 1074 jam
861 985 985 1081 exules,
1019 987 1101 1052 sicut
1121 994 1219 1052 antea
1254 987 1425 1074 dictum,a

145 1114 223 1182 rege
243 1093 460 1181 postulassent
474 1093 598 1180 justam
619 1092 839 1179 provisionem
860 1114 920 1179 per
938 1091 1097 1180 judicium
1118 1092 1153 1155 in
1176 1113 1277 1158 causa
1306 1093 1422 1160 discor·

145 1198 271 1265 diarum
292 1219 366 1265 cum
387 1196 606 1284 Pragensibus
627 1205 777 1278 ortorum,
801 1204 878 1262 tunc
900 1195 954 1261 die
967 1194 1080 1260 Martis
1104 1204 1179 1282 post
1192 1197 1314 1264 festum
1343 1222 1426 1265 sanc

145 1304 290 1371 tissimac
310 1303 478 1369 Trinitatis
501 1303 666 1368 constituit
686 1304 815 1389 utrique
844 1301 930 1390 parti
951 1301 1124 1366 terminum
1146 1300 1284 1367 sistendi
1322 1305 1357 1369 in
1380 1307 1427 1394 jn-

145 1406 232 1475 dicic
261 1430 322 1497 per
346 1406 456 1473 literas
479 1408 652 1491 citatorias,
674 1415 711 1473 ut
732 1427 841 1472 coram
875 1405 931 1471 illo
953 1413 987 1471 et
1019 1405 1213 1471 consiliariis
1250 1408 1324 1496 ejus
1346 1431 1424 1474 ccm-

144 1519 281 1602 pareant
301 1512 336 1576 in
358 1531 433 1577 arce
454 1510 611 1598 Pragensi
633 1509 688 1576 die
711 1509 859 1594 Veneris,
881 1530 999 1595 nempe
1021 1510 1117 1574 tertia
1138 1507 1192 1576 die
1213 1523 1290 1599 post
1319 1514 1427 1579 festum

145 1618 256 1683 Sancti
276 1615 413 1684 «Ioannis
436 1613 611 1702 Baptistae,
633 1614 669 1681 id
691 1623 741 1680 est
762 1614 815 1680 die
838 1614 1030 1681 Sanctorum
1051 1612 1140 1679 Petri
1171 1623 1204 1681 et
1224 1617 1322 1684 Pauli
1342 1619 1426 1707 Apo·

146 1721 299 1787 stolorum
308 1718 374 1809 (29.
386 1719 488 1809 Jun.).
511 1718 599 1785 Hinc
614 1718 726 1785 exules
748 1719 791 1786 ad
812 1721 921 1786 omnia
940 1718 1045 1807 parati
1056 1718 1149 1785 citari
1160 1733 1360 1790 curaverunt
1373 1745 1426 1789 no·

144 1823 278 1891 tabilem
299 1845 467 1890 numerum
483 1825 603 1890 civium
617 1823 829 1913 Pragensium
851 1825 975 1892 altioris
995 1836 1028 1893 et
1048 1827 1211 1893 inferioris
1235 1829 1423 1895 conditionis

76 1949 79 1955 ·
143 1951 248 2018 usque
269 1928 312 1995 ad
331 1930 439 2018 ipsum
461 1937 617 2012 senam,
639 1950 698 2017 pro
721 1928 856 1995 edendis
877 1931 977 1997 variis
998 1932 1202 2017 testimoniis,
1228 1935 1280 1998 cui
1321 1956 1427 2023 nempe

145 2033 269 2122 aliquid
289 2035 324 2100 in
347 2035 544 2100 contrarium
566 2035 701 2120 egerint,
722 2055 781 2122 pro
803 2055 840 2098 re
856 2034 924 2119 vili,
947 2044 983 2101 ut
1003 2036 1078 2103 illos
1099 2058 1165 2103 non
1186 2037 1347 2126 relegant,
1371 2039 1422 2105 sed

23 2220 27 2227 ἢ
144 2159 205 2229 pro
225 2139 311 2204 reris
332 2136 483 2204 fidelibus
505 2136 700 2205 Christiania
720 2137 863 2205 habeant
895 2149 929 2206 et
949 2143 1129 2220 aestiment,
1153 2144 1209 2231 qni
1231 2166 1346 2210 omnes
1368 2143 1421 2209 sub

141 2245 326 2332 juramento
346 2241 442 2309 fateri
476 2241 658 2308 debuerunt
678 2243 713 2307 in
744 2242 939 2310 cancellaria
973 2247 1076 2333 regia.
1120 2246 1299 2314 Praeterea
1330 2257 1423 2314 tntum

146 2355 292 2414 senatum
327 2349 421 2414 citari
450 2355 612 2432 curarunt,
648 2355 684 2413 ut
704 2347 807 2414 libros
829 2349 970 2416 civitatis
993 2349 1160 2439 quosdam,
1191 2361 1424 2421 contractoset

144 2452 358 2519 instrumenta
378 2474 436 2518 sua
457 2451 546 2536 regis
566 2451 728 2519 Ludovici
748 2452 792 2517 ad
812 2452 870 2519 illa
891 2456 1075 2522 testimonia
1096 2478 1206 2523 coram
1228 2479 1308 2544 rege
1331 2458 1420 2548 depo·

144 2567 231 2624 nant
258 2556 356 2624 Haec·
370 2560 479 2624 omnia
500 2579 598 2645 agere
619 2556 810 2642 debuerunt,
833 2562 983 2647 quamvis
1005 2582 1079 2627 cum
1101 2584 1221 2651 magna
1253 2564 1357 2630 animi
1378 2564 1421 2630 sui

145 2660 345 2746 difficultate,
363 2654 426 2752 per
449 2662 535 2751 quod
551 2663 622 2751 jam
644 2661 873 2730 dividebantur
908 2665 1087 2731 interillos
1109 2668 1248 2734 consilia
1269 2667 1424 2758 Achytof·

145 2766 200 2832 feli
233 2765 373 2832 infidelis
405 2776 438 2832 et
472 2767 604 2856 superbi
625 2767 740 2836 Amen.
784 2768 873 2835 Dum
904 2769 1004 2856 igitur
1024 2779 1160 2857 utraque
1191 2796 1270 2862 pars
1305 2796 1424 2862 compa·

145 2873 272 2956 ruisset,
295 2879 385 2937 ortae
406 2881 481 2939 sunt
500 2873 728 2941 reluctationes
749 2883 883 2963 propter
903 2897 968 2940 non
1006 2874 1082 2941 data
1117 2876 1271 2944 exulibus
1293 2881 1425 2947 testimo·

145 2975 201 3039 nia
221 2997 242 3041 a
263 2977 359 3041 certia
382 2976 575 3064 quibusdam
596 2979 744 3066 personis
766 2979 996 3066 Pragensibus,
1013 2990 1045 3046 et
1064 2985 1214 3067 personis
1237 2984 1425 3072 quibusdam

145 3079 219 3146 aliis
251 3101 295 3146 ex
315 3082 499 3150 civitatibus
522 3083 686 3151 districtus
707 3084 886 3171 Plsnensis,
907 3088 985 3175 quia
1005 3087 1187 3173 Progensee
1209 3088 1269 3153 illa
1290 3092 1424 3155 testimo·

145 3183 201 3251 nia
229 3185 307 3253 darc
327 3187 799 3279 impediveruntprofcrentes
820 3212 935 3257 causas
957 3190 1113 3281 quasdem
1145 3193 1370 3261 inconstantes
1399 3201 1425 3258 et

144 3291 292 3372 incertas,
326 3295 517 3381 praesertim
537 3293 632 3380 hano,
667 3295 834 3362 dicentes:
858 3296 945 3384 quod
967 3296 1125 3382 quaedam
1160 3297 1288 3365 eisdem
1324 3300 1359 3366 in
1380 3322 1420 3364 se·

68 3462 71 3465 .
144 3403 223 3462 natu
245 3405 278 3464 et
298 3398 433 3464 consilio
457 3398 543 3465 dicta
564 3399 693 3485 fuerint,
717 3422 800 3489 quae
822 3422 888 3466 non
910 3399 1041 3466 deceret
1076 3411 1168 3466 extra
1191 3403 1368 3469 consilium
1395 3411 1421 3468 et

146 3510 292 3568 censuim
327 3503 543 3573 manifestare.
598 3503 650 3572 Ob
687 3527 784 3593 quam
816 3526 947 3571 causam
980 3525 1040 3571 rex
1069 3504 1233 3593 judicium
1264 3507 1348 3573 illud
1368 3507 1422 3572 dis·

145 3606 226 3692 tulit,
247 3618 283 3675 ut
303 3610 390 3675 intra
422 3609 588 3677 octiduum
621 3609 728 3676 eidem
765 3610 910 3695 satisfiat,
947 3618 980 3676 et
1002 3607 1161 3694 exulibus,
1194 3621 1231 3678 ut
1255 3612 1422 3679 secundum

139 3709 216 3797 jura
234 3714 419 3781 testimonia
439 3713 556 3783 dentur
576 3715 619 3782 ab
640 3714 716 3799 illis,
750 3715 807 3804 qui
828 3715 871 3781 ad
893 3713 975 3781 haec
997 3712 1104 3781 danda
1126 3716 1327 3803 citabuntur,
1339 3740 1419 3808 prae

145 3817 256 3885 sertim
270 3817 311 3885 de
335 3819 411 3906 illis,
434 3843 518 3910 quae
532 3823 567 3888 in
579 3830 695 3889 senatu
706 3828 739 3887 et
750 3821 885 3887 consilio
898 3842 1007 3888 eorum
1018 3820 1164 3887 instituto
1175 3823 1307 3910 prolate
1321 3834 1353 3890 et
1362 3831 1422 3890 acto

142 3943 209 3989 non
229 3932 304 3990 sunt
331 3933 427 4015 atque
448 3927 502 3994 bic
517 3928 588 4015 jam
609 3929 725 3993 iterum
747 3924 938 4014 quibusdam
948 3925 1169 4014 Pragensibus
1181 3927 1420 3996 notabilioribns

143 4048 227 4118 aqua
248 4031 297 4096 ori
317 4030 555 4116 infundebatur,
578 4052 662 4120 quae
683 4033 792 4098 omnia
812 4030 894 4097 haec
916 4030 1117 4119 supprimere
1146 4030 1317 4100 volebant.
1346 4035 1421 4099 Dum

144 4156 221 4203 vero
254 4135 372 4203 deinde
405 4137 456 4204 bis
478 4137 520 4205 de
541 4137 638 4204 rebus
659 4159 703 4204 ex
723 4145 860 4225 utraque
890 4145 993 4225 parte,
1027 4143 1093 4201 tam
1128 4134 1231 4203 multa
1265 4136 1419 4227 loquendo

144 4241 400 4330 proferebantur,
422 4265 484 4311 rex
506 4242 612 4320 denuo
634 4243 875 4311 accusationem
908 4240 1051 4324 rescidit,
1088 4239 1203 4307 volens
1240 4265 1303 4330 per
1338 4261 1421 4332 quae·

143 4345 456 4433 damremediaalia,
478 4369 596 4437 nempe
617 4370 677 4436 per
689 4348 938 4414 transactionem
949 4346 1008 4411 has
1021 4345 1201 4411 discordias
1228 4367 1421 4437 componere

229 4450 294 4518 Die
302 4451 325 4518 J
326 4453 397 4519 ovis
411 4476 489 4523 vero
501 4455 648 4541 sequenti
658 4463 733 4542 post
742 4452 860 4520 festum
870 4451 903 4518 S.
913 4450 1035 4516 Kiliani
1045 4449 1172 4537 (aaut.)
1186 4473 1250 4516 rex
1265 4451 1423 4520 mandavit

144 4554 275 4622 domino
287 4555 428 4642 Hlawsa,
455 4566 488 4625 et
505 4557 659 4643 magistro
674 4556 870 4624 Wenceslao
883 4554 1025 4636 Danieli,
1048 4561 1084 4619 ut
1105 4552 1148 4618 ad
1171 4577 1232 4622 sua
1247 4553 1424 4623 habitacula

145 4655 286 4746 Pragam
306 4658 451 4746 redeant,
473 4662 619 4730 tribuens
640 4661 705 4729 illis
717 4661 843 4729 salvum
866 4659 1061 4727 conductum
1074 4678 1179 4746 usque
1201 4659 1247 4726 ad
1260 4662 1425 4728 terminum

135 4757 174 4828 θ.-
201 4761 376 4835 Laurcntii
397 4770 548 4856 proxime
580 4771 727 4857 ιιιιιιιιίς
755 4764 975 4853 Pragensibus
995 4785 1084 4850 vero,
1112 4765 1274 4853 magistro
1296 4761 1426 4846 Paret,
