2946 5086
638 317 790 423 carun
808 353 862 424 aa.

93 552 159 614 Ubi
182 561 333 628 narratur,
357 554 436 632 quod
457 572 512 614 rex
533 547 738 631 Pragensibus
760 560 897 615 senatum
918 551 1112 616 renovaverit
1125 564 1154 614 et
1169 553 1307 615 unionem
1321 553 1396 614 civi·

93 646 191 700 tatum
214 641 358 716 diviserit,
380 641 476 721 primo
494 640 527 699 in
545 640 692 717 Antiqua,
715 642 837 701 tandem
859 641 949 701 Nova
982 642 1104 702 civitate
1127 650 1264 702 senatum
1287 640 1400 705 consti·

99 729 202 800 tuerit,
236 737 266 787 et
287 730 435 806 quomodo
457 727 708 805 Neo-Pragensss
742 747 780 786 ex
802 729 859 789 hoe
891 728 990 807 gavisi
1009 729 1129 802 fuerint,
1163 737 1190 787 et
1225 728 1395 788 exultantes

99 815 304 875 cantaverint:
335 816 398 875 Pro
431 815 520 894 signo
552 814 683 893 laetitiae
717 815 780 874 dias
803 816 889 876 nobis
913 824 978 876 orta
1000 824 1055 877 ast.
1099 817 1200 890 Item;
1220 816 1266 874 Te
1295 815 1395 875 Deum

520 901 676 961 laudamus
699 908 753 961 stc.
784 903 979 966 decertarint.
1195 896 1197 900 ⁴

182 1052 259 1119 Rex
279 1059 397 1138 autem,
420 1061 456 1118 ut
472 1053 582 1142 justus
604 1052 766 1137 domiuus,
801 1053 935 1137 interea,
959 1076 1043 1142 quae
1081 1061 1154 1118 acta
1187 1059 1262 1116 sunt
1283 1074 1304 1117 a
1325 1053 1401 1118 Pra-

101 1155 257 1242 gensibus
295 1179 369 1223 cum
404 1158 601 1225 consiliariis
637 1160 704 1225 suis
728 1180 942 1245 cognosceus,
980 1157 1067 1246 quod
1087 1163 1231 1223 rectores
1255 1143 1398 1222 civitatis

74 1250 77 1314 l
100 1255 196 1350 hujus
219 1261 251 1326 ei
273 1260 504 1350 aequilibrium
520 1263 647 1350 justum
670 1286 802 1331 servare
824 1284 891 1329 non
913 1254 1050 1349 possint,
1081 1258 1231 1349 quodque
1260 1282 1336 1345 eum
1360 1282 1402 1326 ex

74 1357 189 1451 'parte
212 1364 316 1430 variis
339 1362 476 1430 saltibus
500 1363 709 1447 circumeant,
731 1368 912 1450 praeterea,
943 1363 1030 1452 quod
1051 1386 1113 1430 nec
1136 1386 1178 1430 ex
1199 1363 1261 1430 hac
1283 1365 1403 1429 unione

92 1464 259 1555 Pragensi
281 1470 312 1533 ei
336 1468 486 1534 solatium
508 1454 693 1556 prevenire,
715 1489 822 1557 neque
844 1467 966 1534 bonum
988 1491 1159 1536 commune
1192 1475 1402 1555 augmentum

93 1593 230 1638 sumere
264 1573 368 1661 possit
397 1580 530 1661 propter
559 1573 694 1638 nimiam
727 1569 914 1661 superbiam
947 1595 986 1638 ac
1009 1571 1257 1654 contumaciam,
1281 1579 1313 1637 et
1333 1572 1403 1636 ino·

92 1674 306 1744 bedientiam
329 1699 450 1761 eorum,
474 1676 626 1765 equidem
649 1677 733 1743 sicut
755 1686 901 1765 tempore
924 1679 1011 1764 regis
1033 1676 1194 1743 Ludovici
1215 1674 1324 1740 affinis
1337 1676 1398 1758 sui,

90 1780 202 1868 igitur
231 1782 408 1869 proposuit,
441 1780 483 1846 ad
512 1782 703 1869 petitionem
735 1780 875 1860 illorum,
899 1789 1047 1846 senatum
1084 1800 1252 1862 renovare,
1286 1777 1402 1844 sedin

88 1894 238 1973 utraque
274 1885 407 1952 civitate
440 1884 635 1975 specialiter,
667 1908 786 1973 nempe
819 1887 855 1952 in
874 1883 1018 1974 Antiqua
1041 1893 1084 1971 et
1105 1883 1208 1966 Nova,
1231 1887 1277 1947 ita
1297 1889 1333 1946 ut
1355 1881 1403 1946 eis

91 1989 186 2056 hanc
209 1989 376 2074 unionem,
398 1991 434 2056 in
457 2012 553 2080 quam
576 1990 674 2058 valde
698 1989 917 2074 confidebant,
937 1991 1054 2055 iterum
1079 1983 1403 2071 dividat‚inmodum

87 2091 349 2182 praecedentem
374 2101 407 2159 et
423 2095 480 2183 jus
505 2094 682 2182 divonem.
705 2095 788 2161 Nam
801 2093 926 2182 absque
948 2090 1047 2159 dubio
1070 2092 1152 2159 illud
1173 2091 1296 2156 dictum
1312 2089 1403 2155 Aris·

90 2197 209 2264 totelis
232 2196 296 2263 sibi
317 2199 352 2263 in
373 2198 565 2266 memoriam
585 2199 727 2285 reduxit,
752 2198 839 2288 quod
862 2199 1001 2265 societas
1023 2198 1116 2264 unita
1148 2196 1263 2263 fortior
1294 2203 1325 2259 et
1347 2217 1402 2283 po·

90 2301 219 2367 tentior
241 2323 313 2367 esse
336 2301 449 2388 soleat,
472 2327 570 2393 quam
594 2304 706 2371 divisa
739 2303 884 2392 Ideoque
907 2326 951 2370 ex
972 2324 1047 2368 arce
1069 2325 1143 2368 cum
1165 2312 1285 2386 magna
1307 2300 1403 2387 copia

91 2404 329 2472 notabiliorum
359 2407 539 2474 aulicorum
570 2430 702 2474 suorum
735 2406 915 2487 descendit,
949 2405 1004 2472 die
1025 2406 1180 2473 Mercurii
1217 2412 1293 2492 post
1314 2402 1403 2469 diem

92 2510 279 2576 nativitatis
301 2509 417 2578 beatae
440 2511 589 2600 Virginis
610 2512 735 2578 Mariae
758 2512 802 2600 (9.
815 2510 917 2600 Sept.)
934 2510 1081 2601 ejusdem
1097 2511 1174 2576 anni
1190 2509 1275 2576 1528
1297 2509 1333 2573 in
1347 2530 1404 2573 cu·

93 2616 181 2680 riam
202 2612 367 2705 Antiquae
388 2615 490 2696 urbis,
513 2627 546 2683 et
562 2617 748 2703 juramento
770 2617 947 2684 obstrinxit
968 2640 1027 2706 per
1049 2616 1216 2683 dominum
1237 2611 1403 2682 Adamum

95 2719 138 2785 de
161 2718 295 2786 Hradeo
317 2743 503 2810 supremum
526 2723 756 2790 cancellarium
773 2722 868 2810 regni
888 2721 1076 2806 Bohemiae,
1099 2743 1257 2811 personas
1281 2721 1402 2788 electas

96 2833 131 2892 et
151 2826 226 2914 pias
242 2828 340 2914 juxta
361 2829 560 2914 agnitionem
582 2829 721 2895 aliorum
742 2828 919 2912 hominum,
941 2828 999 2894 ubi
1021 2825 1063 2892 de
1097 2835 1212 2893 senatu
1246 2826 1346 2915 priori
1368 2827 1404 2892 in

98 2930 208 2996 officio
230 2953 297 2996 non
319 2941 580 3018 permanserunt,
602 2933 667 2998 nisi
688 2940 755 2998 tres
776 2954 954 3021 personae3
976 2953 1095 3020 nempe
1116 2931 1260 3000 Jacobus
1276 2930 1399 3016 Fukar,

100 3034 262 3121 Georgius
284 3035 419 3102 Jetisek
434 3037 625 3105 etJoannes
647 3036 761 3103 Kozsl.
785 3035 899 3103 Noluit
920 3044 1028 3101 autem
1051 3057 1087 3100 sc
1109 3034 1401 3124 hucusquecontra

99 3136 272 3228 quendam,
294 3139 485 3227 rigorosum=
512 3141 678 3208 vindicem
701 3139 867 3224 exhibere,
891 3147 1085 3228 potestatem
1107 3138 1233 3205 babens
1255 3139 1290 3205 id
1306 3141 1397 3227 juste

100 3243 231 3331 agendi,
261 3245 367 3332 magis
400 3244 583 3332 prudentia,
616 3266 714 3332 quam
751 3265 866 3310 severo
889 3242 990 3309 animi
1012 3253 1102 3309 motu
1125 3265 1160 3307 se
1191 3242 1343 3331 dirigens,
1366 3256 1403 3312 ut

103 3348 212 3437 potius
235 3349 306 3438 ejus
342 3349 479 3436 gratiam
514 3352 649 3437 regiam,
673 3370 770 3437 quam
806 3349 1012 3414 severitatem
1046 3368 1157 3413 omnes
1191 3351 1331 3414 sentiant
1369 3358 1402 3414 et

101 3454 276 3520 aestiment
296 3454 367 3518 sine
389 3452 503 3538 abusu,
524 3455 622 3519 istum
646 3455 744 3518 etiam
765 3459 801 3518 ut
814 3450 932 3517 talibus
956 3448 1193 3516 occultisfalsis
1215 3451 1401 3519 fideisano-

100 3566 154 3624 tae
176 3558 261 3624 fucis
297 3558 437 3648 amplius
459 3580 526 3624 nou
562 3557 777 3623 demulceant.
821 3555 962 3621 Perinde
996 3555 1096 3642 igitur
1116 3555 1218 3644 aliqui
1239 3555 1400 3625 dracones

101 3669 253 3751 potentes
275 3670 409 3749 propter
431 3661 618 3750 superbiam
642 3682 753 3726 eorum
774 3658 898 3725 detrusi
920 3667 953 3724 et
975 3658 1095 3748 dejecti
1115 3662 1254 3743 fuerunt,
1286 3671 1322 3726 ut
1342 3685 1397 3749 ag.

100 3775 240 3834 noscant
268 3789 304 3832 se
336 3765 458 3833 habere
489 3789 602 3854 regem
631 3765 796 3831 dominum
826 3786 920 3830 suum
953 3772 995 3849 et,
1019 3766 1104 3853 quod
1125 3765 1199 3856 plus
1233 3774 1281 3829 est
1303 3788 1402 3856 supra

101 3894 137 3936 se
174 3871 306 3936 Patrem
327 3869 503 3936 coelestem
538 3871 763 3958 potentiorem,
787 3891 884 3956 quam
905 3868 969 3956 ipsi
993 3871 1064 3938 sint.
1108 3871 1202 3937 Haeo
1222 3873 1401 3938 terminans

100 3979 136 4043 in
170 3972 252 4040 urbe
286 3974 445 4063 Antiqua,
468 3976 615 4062 perrexit
646 3976 681 4039 in
714 3975 878 4038 civitatem
899 3973 1037 4057 Novam,
1060 3975 1095 4040 in
1117 3976 1253 4042 alteram
1282 3999 1400 4066 nempe

102 4081 245 4164 curiam,
279 4081 371 4169 cujus
403 4080 544 4145 civitatis
577 4079 667 4145 cives
698 4077 834 4144 honeste
863 4076 913 4143 illi
942 4077 1073 4144 obviam
1106 4089 1334 4168 processerunt
1365 4083 1400 4146 in

102 4187 245 4274 plateam
280 4185 315 4248 iu
351 4205 470 4270 magno
506 4205 642 4250 numero
679 4205 753 4248 cum
786 4181 915 4248 vexillis
951 4182 1207 4251 beneventantes
1238 4185 1340 4270 illum,
1368 4197 1401 4253 et

104 4288 255 4356 cantibus
277 4289 385 4354 Deum
408 4288 588 4371 laudantes,
608 4289 788 4375 quiregem
811 4294 843 4352 et
864 4285 1031 4352 dominum
1053 4288 1151 4353 talem
1171 4289 1313 4375 miserat,
1344 4295 1400 4380 qui

103 4395 179 4460 illos
203 4391 245 4458 de
268 4392 319 4458 his
342 4392 432 4458 duris
455 4401 488 4457 et
508 4391 645 4458 fortibus
668 4389 828 4479 capitibus
851 4392 1212 4478 Vetere-Pragensibus,
1235 4396 1399 4462 variorum

103 4499 265 4565 malorum
298 4496 488 4565 authoribus
524 4498 656 4586 eripiat,
680 4496 820 4561 fatentes
858 4504 892 4560 st
913 4494 1002 4561 clara
1023 4519 1106 4564 voce
1127 4521 1241 4566 omnes
1263 4502 1396 4588 promit-

104 4613 221 4689 tentes,
246 4602 333 4691 quod
366 4600 497 4669 anullo
519 4602 583 4670 alio
605 4602 738 4670 homine
759 4603 831 4688 regi
862 4599 977 4687 velint,
1010 4604 1076 4669 nisi
1098 4627 1118 4670 a
1140 4603 1206 4671 Sua
1225 4603 1398 4694 Majestate

103 4711 217 4801 Regia.
262 4707 410 4778 Tandem
443 4705 566 4776 ibidem
599 4707 666 4798 egit
687 4715 720 4776 et
752 4708 936 4798 juramento
970 4706 1153 4795 obstrinxit,
1187 4718 1284 4799 atque
1306 4731 1399 4776 sona·
