2946 5086
93 341 242 399 constans
263 339 422 414 maneret,
458 329 544 417 quod
573 338 683 395 mente
708 330 830 416 gessit*
853 330 1041 417 relinquens
1066 316 1251 398 Lutherum
1286 338 1319 400 'et
1338 336 1374 401 in

92 440 288 503 contrarium
328 437 434 502 eidem
473 435 669 522 loqueretur.
707 434 954 521 Quamprimum
981 458 1061 503 vero
1090 435 1131 515 ab
1161 437 1217 503 illo
1245 437 1373 521 redivit,

91 542 214 630 adjuvit
238 542 386 624 eundem,
421 551 455 605 et
476 540 506 604 ei
527 539 661 621 adstitit,
706 560 779 604 eum
801 538 990 616 dilaudavit,
1028 541 1226 606 consocians.
1243 564 1278 605 se
1300 563 1375 609 cum

92 647 238 734 ejusdem
261 646 422 731 dogmate,
446 652 479 709 et
501 652 711 708 contemnens
734 642 906 717 ecelesiam
929 643 1108 709 Romanam
1131 666 1204 708 cum
1224 644 1376 730 dogmate

92 751 166 834 ejus.
192 750 342 814 Tandem
363 771 442 814 vero
465 746 580 834 primo,
603 769 665 833 quo
688 747 826 833 populus
848 746 1023 833 Pragensis
1034 746 1261 825 inclinabatur,
1284 752 1320 814 et
1333 747 1376 815 ad

91 877 171 940 quae
195 855 357 942 proclivis
377 862 455 934 erat,
486 851 545 916 illa
567 852 691 917 locutus
714 851 783 934 fuit,
818 859 849 916 et
872 853 939 939 egit
961 853 1048 916 omni
1071 860 1216 938 tempore
1238 852 1279 919 ob
1302 874 1374 918 res·
1450 930 1453 943 ,

93 970 223 1046 pentum
246 959 424 1040 hominum,
447 956 691 1044 provoluntate
714 977 832 1021 eorum.
865 955 920 1020 Ex
941 955 1058 1040 quibus
1082 959 1372 1044 cognoscere-jam

93 1066 226 1150 poteris,
259 1085 342 1149 quae
365 1063 450 1129 bona
473 1062 603 1126 efficere
630 1063 770 1147 potuerit
806 1061 880 1126 talis
898 1061 1091 1148 'temerarius
1110 1070 1254 1146 vagatos.
1287 1061 1371 1127 Nam

92 1171 189 1256 juxta
211 1168 334 1233 dietum
358 1167 525 1232 Cratonis:
548 1165 657 1253 Turpe
681 1173 738 1247 est,
773 1164 835 1229 sihi
857 1167 921 1253 ipsi
943 1164 1182 1246 contradicere,
1207 1164 1263 1230 ille
1286 1166 1373 1232 enim

95 1273 173 1338 nulli
197 1273 353 1360 proderit,
376 1273 431 1358 qui
454 1270 517 1351 sibi
540 1271 718 1335 contrarius
743 1277 801 1333 est.
824 1269 916 1335 Haec
939 1269 1003 1337 ille.

181 1375 330 1441 Tandem
352 1386 427 1462 post
449 1375 530 1439 haee
553 1375 661 1438 omnia
683 1374 771 1438 circa
792 1369 909 1440 festum
939 1375 1176 1440 Purificationis
1197 1382 1290 1438 tunc.
1312 1375 1372 1465 im?

95 1484 232 1564 minens,
245 1483 279 1545 in
296 1502 472 1566 congressu
482 1480 624 1546 omnium
636 1488 774 1557 statuum
783 1479 983 1565 subutraque
995 1480 1112 1566 specie,
1136 1477 1248 1569 dequo
1266 1485 1374 1543 actum

93 1586 197 1652 fuitin
211 1585 295 1650 libro
304 1586 421 1672 primo,
445 1583 651 1649 advertentes
663 1606 775 1648 omnes
797 1593 908 1667 status,
931 1587 965 1648 in
987 1607 1084 1671 quam
1105 1582 1258 1670 proclivis
1272 1581 1370 1646 fuerit
1462 1621 1463 1624 =

94 1699 221 1776 partem
239 1691 337 1776 juxta
359 1690 504 1777 ejusdem
535 1689 622 1753 vitae
655 1689 807 1774 speciem,
836 1688 1036 1775 judicantes.
1052 1689 1144 1754 illum
1172 1690 1240 1756 fore
1267 1690 1372 1756 filium

97 1796 200 1880 pacis,
233 1803 266 1859 et
287 1815 352 1859 non
375 1802 590 1878 agnoscentes
612 1814 774 1858 venenum
796 1793 967 1876 occultum,
997 1794 1271 1861 confirmaverunt
1301 1817 1375 1861 eum

94 1900 128 1962 in
152 1898 461 1980 administratorem,
484 1897 533 1987 ad¹
550 1897 637 1982 quod
660 1897 802 1983 officium
824 1919 860 1962 se
881 1899 1000 1984 injuste
1022 1908 1054 1964 et
1075 1899 1248 1967 infideliter
1279 1901 1379 1966 intru-

93 2005 143 2086 sit,
168 2012 203 2068 et
223 2012 394 2090 postquam
413 2004 484 2088 jam
507 2001 651 2089 perfecte
674 2002 819 2066 officium
840 2001 902 2067 hoc
924 2002 972 2068 illi
994 1986 1146 2068 traditum
1167 2001 1291 2086 fuisset,
1311 2025 1379 2077 sus-

93 2108 180 2194 cepit
204 2108 307 2171 etiam·
322 2100 510 2195 parochiam
523 2105 706 2193 Teynensis
730 2106 898 2185 ecclesiae,
921 2106 977 2172 ubi
1001 2115 1085 2174 totus
1108 2107 1299 2174 reformatus
1308 2106 1378 2191 fuit,

95 2220 126 2276 et
148 2190 243 2297 quod
268 2221 365 2277 antea
387 2212 421 2275 in
451 2210 507 2275 illo
531 2210 692 2276 occultum
715 2209 846 2293 latebat,
879 2184 965 2276 illud
982 2213 1170 2279 successive
1203 2217 1238 2280 in
1271 2215 1378 2281 lucem

92 2316 224 2403 prodiit,
248 2338 373 2402 negans
396 2317 514 2397 omnia,
538 2338 621 2400 quae
643 2314 874 2405 antecedenter
885 2316 926 2380 de
940 2317 1102 2392 ¹Romanis
1126 2319 1377 2386 etcontrahanc

94 2421 206 2485 sedem
222 2419 348 2485 locutus
363 2419 478 2503 fuerat,
501 2442 591 2484 more
612 2419 813 2506 Rokycnani,
838 2442 876 2485 ac
899 2431 1011 2485 contra
1034 2433 1200 2510 suspectos
1222 2425 1378 2492 Pickhar·

94 2534 144 2590 tos
168 2525 240 2588 sine
270 2524 337 2589 ulla
360 2546 471 2589 eorum
492 2545 683 2611 praegressa
704 2523 801 2610 culpa
824 2547 858 2589 se
893 2527 1060 2609 convertit,
1098 2529 1132 2592 in
1166 2512 1297 2596 eosdem
1334 2553 1377 2596 ex
1445 2597 1448 2601 .

95 2631 185 2703 omni
207 2638 301 2716 parte
332 2629 537 2716 impudenter
557 2629 743 2712 fulminans,
777 2618 956 2695 mendaciis
985 2630 1131 2717 turpibus
1164 2655 1198 2698 se
1228 2656 1377 2718 onerans,

97 2736 186 2798 etin
210 2756 246 2798 se
275 2735 383 2820 ipsum
405 2756 584 2818 assumens,
621 2736 667 2799 ita
688 2734 836 2801 utillum
866 2734 1002 2820 quilibet
1030 2735 1185 2803 admirari
1216 2737 1375 2822 debuerit,
1421 2822 1432 2829 .

98 2839 240 2903 eumita
262 2861 362 2923 agere
384 2847 534 2924 respectu
555 2841 672 2925 prioris
695 2840 783 2905 modi
806 2841 971 2923 contrarii,
993 2840 1049 2904 ille
1073 2843 1158 2907 enim
1182 2842 1296 2909 Gallus
1318 2841 1376 2909 ubi

97 2942 292 3008 benedicere
315 2942 491 3022 debuisset,
531 2942 702 3009 maledixit
722 2942 842 3030 populo
865 2945 989 3011 sincero
1012 2944 1137 3012 devoto.
1175 2947 1265 3013 Deus
1299 2967 1376 3013 vero

98 3050 203 3115 noscit
227 3047 325 3121 eorda
347 3048 525 3131 hominum,
561 3047 618 3112 ille
641 3047 728 3113 solus
745 3051 886 3132 noverit,
921 3050 1140 3116 ouranimum
1165 3054 1235 3139 ejus
1264 3053 1377 3118 immu-

100 3154 220 3220 taverit
259 3163 291 3218 et
320 3176 377 3219 eur
410 3154 559 3240 spiritum
590 3151 780 3217 mendacem
811 3155 904 3218 ines
929 3153 1076 3242 ejusdem
1107 3156 1282 3221 immiserit.
1317 3155 1383 3221 Hic

99 3256 220 3323 factum
254 3255 315 3323 luit
337 3259 371 3322 in
394 3258 589 3323 contrarium
611 3256 789 3345 prophetae
811 3257 955 3335 Balaam,
989 3261 1044 3344 qui
1077 3254 1381 3347 dunr„.maledioere

102 3359 223 3449 populo
244 3360 310 3426 Dei
332 3361 507 3444 debuisset,
530 3356 704 3427 mandante
725 3383 803 3446 rege
818 3360 929 3444 Balao,
956 3362 1126 3431 benedixit
1148 3364 1287 3449 eisdem3
1306 3365 1376 3432 ville

102 3478 211 3531 autem
233 3465 268 3530 id
292 3465 385 3531 aliter
406 3468 576 3530 immutare
598 3489 663 3560 non
684 3467 797 3554 potuit,
834 3486 895 3529 nec
916 3476 1047 3552 propter
1078 3469 1173 3554 dona,
1210 3491 1293 3555 quae
1324 3469 1374 3535 illi

99 3560 164 3636 ⁴reu
185 3569 395 3657 promiseras
418 3571 473 3638 hie
494 3595 582 3655 vero,
605 3580 640 3636 ut
660 3571 842 3636 intellectus
864 3570 1023 3636 humanus
1046 3596 1162 3661 capere
1180 3575 1293 3663 potuit,
1316 3595 1374 3660 pro

101 3677 221 3762 exigua
244 3698 302 3764 spe
326 3674 458 3758 honoris
491 3687 523 3741 et
547 3698 648 3742 vanae
672 3675 776 3740 laudis
799 3674 969 3759 humanae,
1003 3697 1042 3740 ac
1077 3678 1118 3743 ob
1149 3702 1239 3766 spem
1272 3679 1384 3766 cpisco-

95 3792 190 3866 pctus
224 3779 400 3846 Bohemiae
428 3782 603 3868 abnegavit
625 3782 794 3845 veritatem
816 3780 899 3866 legis
921 3779 996 3861 Dei,
1032 3780 1230 3849 maledicens
1252 3780 1383 3881 populo,

100 3885 161 3970 ipsi
176 3884 350 3950 Deo‘vivo
373 3895 514 3968 atvero,
538 3885 648 3971 quiin
671 3883 772 3947 coelis
797 3892 854 3965 est,
877 3883 1006 3948 addicto
1030 3893 1063 3948 et
1083 3885 1225 3952 inimicis
1247 3886 1311 3952 Dei
1326 3884 1382 3951 be-

102 3988 236 4054 nedixit
258 3989 342 4054 Nam
365 3992 420 4077 qui
450 3998 560 4076 pastor
582 3990 691 4053 ovium
715 4009 787 4052 esse
810 3987 931 4070 debuit,
957 4010 1134 4052 conversus
1147 3990 1209 4055 tuit
1222 3993 1257 4056 in
1272 3991 1383 4078 lupum

102 4115 253 4181 rapacem
288 4102 319 4158 et
352 4095 525 4159 immanem
548 4103 730 4180 tyrannum,
762 4093 947 4156 innocentis
970 4092 1102 4156 humani
1125 4096 1292 4179 sanguinis
1314 4096 1380 4161 avi·

103 4196 184 4264 dum.
220 4199 328 4286 Hujus
352 4208 458 4264 autem
481 4200 577 4265 totius
602 4197 743 4284 exempli
766 4186 991 4281 argumentum
1013 4198 1047 4261 in
1071 4219 1105 4261 se
1129 4197 1201 4283 ipso
1225 4197 1384 4283 exhibuit,

103 4310 246 4391 tempore
270 4305 320 4368 sui
341 4288 508 4389 regiminis
532 4302 633 4367 solum
656 4300 731 4366 huic
752 4299 954 4382 incumbens,
989 4310 1025 4366 ut
1058 4303 1093 4365 in
1114 4298 1263 4382 ambonis
1295 4300 1378 4368 nihil

103 4406 189 4472 aliud
212 4407 349 4486 efficiat,
376 4418 407 4472 et
429 4430 494 4472 non
523 4407 617 4472 aliter
661 4428 695 4470 se
718 4412 818 4490 gerat,
855 4427 950 4490 quam
973 4407 1056 4470 sicut
1085 4403 1222 4470 bellicus
1255 4404 1387 4472 tubicen

104 4513 272 4577 consuevit
294 4514 472 4578 exercitum
494 4511 536 4575 ad
558 4532 647 4575 arma
670 4517 701 4573 et
723 4506 908 4572 conflictum
942 4530 1129 4594 convocare,
1154 4521 1186 4574 et
1205 4508 1248 4573 ad
1270 4509 1388 4575 caedes

104 4614 237 4682 incitare
270 4638 309 4682 ac
331 4618 492 4698 animare3
515 4616 561 4679 ita
582 4615 637 4680 ille
660 4636 725 4678 non
735 4611 886 4677 sacerdos
909 4610 1032 4677 Christi
1054 4613 1112 4678 sed
1134 4622 1242 4680 eustos
1265 4623 1296 4679 et
1307 4612 1389 4700 vigil

105 4721 237 4809 diaboli,
257 4721 294 4793 in
315 4709 378 4791 hoc
400 4718 556 4789 sollicitus
585 4719 655 4798 fuit,
687 4727 723 4787 ut
742 4715 902 4808 populum·
929 4726 1042 4818 cenna
1068 4719 1210 4790 invicem
1239 4718 1388 4805 concitet,

943 4914 953 4955 l
