2946 5086
89 374 236 458 tempore
269 369 416 457 contigit,
452 366 540 459 quod
569 316 736 437 Germani
761 363 835 450 duo,
872 385 1007 452 quorum
1039 384 1123 433 unus
1163 365 1371 456 solopetorun

88 471 187 555 fuior,
216 471 299 538 alter
321 474 439 539 tinctor
459 471 575 556 fuerat,
612 469 869 538 contenderint
859 493 894 539 ιιι
916 471 1045 559 popina,
1068 452 1126 536 ubi
1162 471 1371 560 sclopetorum

87 573 177 641 firsor
198 572 343 642 defendit
364 574 466 643 biblia
486 575 632 660 Lutberi,
653 575 735 641 tinet
722 584 772 641 tor
793 596 871 640 vero
892 562 1072 640 Lutherum
1096 578 1301 665 contempsit,
1325 578 1373 645 de·

86 676 254 767 fenditque
275 702 403 768 papam,
426 680 561 747 donec
551 703 587 746 ιιι
607 679 750 770 plateam
773 685 929 745 exeuntes
962 680 1062 747 rixati
1086 678 1235 765 firissent,
1269 684 1332 748 et
1323 705 1372 749 m-

87 770 198 851 vicem*
213 786 356 872 graviter
375 785 593 871 vulnerantes,
614 787 674 851 vix
695 786 730 850 in
741 785 829 851 ,vivis
845 785 1034 873 superstites
1048 787 1300 873 permanserint.

174 887 258 955 Item
278 889 368 957 aliud
389 890 575 980 exemplum
596 890 751 973 adferam,
772 888 830 954 ubi
852 890 934 955 civis
955 889 1131 976 Pragensis
1146 890 1286 976 quidam
1298 895 1372 958 satis

87 994 274 1061 aestimatus
296 993 487 1062 cavillanter
507 995 633 1062 locutus
656 994 717 1060 fuit
737 992 779 1059 de
802 995 1013 1060 sacramentis
1047 1003 1080 1060 et
1108 1004 1224 1060 contra
1245 998 1373 1085 exposi-

88 1099 209 1171 tionem
230 1100 471 1184 monstrantiae,
494 1100 592 1165 etiam
621 1096 663 1164 de
686 1108 888 1168 sacramento
910 1097 1031 1181 altaris,
1057 1092 1116 1187 ‘qui
1138 1099 1243 1184 aliter,
1280 1124 1372 1190 quam

88 1202 216 1295 Pragae'
234 1201 356 1271 babere
387 1203 569 1287 voluerunt,
601 1203 699 1271 fidem
731 1227 824 1272 suam
849 1201 1016 1292 professus
1037 1201 1115 1289 fuit3
1151 1214 1284 1292 praeter
1318 1207 1376 1274 boc

88 1304 177 1375 domi
196 1329 274 1375 suae
295 1306 461 1375 detinebat
481 1306 654 1397 quemdam
674 1312 865 1396 magistrum
887 1307 1088 1373 sacerdotem
1104 1307 1265 1375 Thomam
1292 1304 1373 1378 Ger-

87 1432 228 1496 manum,
249 1412 371 1505 victum
393 1411 499 1478 eidem
522 1411 667 1478 tribuens
689 1435 748 1500 per
777 1413 854 1479 anni
876 1410 1099 1500 quadrantem,
1132 1414 1187 1500 qui
1223 1436 1291 1480 non
1312 1416 1375 1506 pri·

88 1514 163 1581 dem
184 1538 205 1582 a
225 1515 367 1582 Lutbero
390 1515 432 1583 de
454 1525 542 1583 terra
562 1516 727 1583 Saxoniae
749 1515 938 1598 advenerat,
962 1532 995 1581 st
1017 1516 1190 1582 conciones
1215 1522 1374 1605 germani·

89 1641 144 1687 cas
166 1619 297 1688 dicebat
317 1619 660 1709 in'saeello'oorporis
682 1619 823 1709 Christi,
845 1620 966 1688 abinde
986 1623 1022 1701 in
1036 1618 1189 1687 Misniam
1213 1625 1377 1712 profectus

86 1723 242 1813 populum
274 1725 450 1792 concitavit
485 1734 597 1791 contra
631 1725 778 1793 dominos
813 1749 899 1810 suos,
946 1725 1003 1792 ubi
1037 1724 1170 1792 tandem
1200 1728 1243 1794 ad
1279 1730 1376 1796 finem

88 1828 250 1917 Georgius
270 1828 445 1896 Misnensis
466 1831 620 1919 princeps
642 1831 780 1897 eundem
804 1829 960 1896 decollari
976 1830 1087 1918 jussit,
1120 1832 1198 1918 quia
1219 1833 1374 1920 populum

47 1980 51 1989 .
88 1932 180 2001 illum
202 1933 410 2023 perduxisset
431 1936 466 2001 in
498 1934 674 2002 interitum·
700 1935 812 2002 -Alius
844 1933 976 2001 volebat
996 1933 1194 2020 imaginibus
1213 1939 1376 2004 ,exscissis

88 2039 195 2127 capita
216 2038 378 2106 decutere.
421 2038 517 2105 Alius
551 2062 586 2105 se
617 2038 784 2106 inebrians
817 2038 912 2124 dixit,
944 2039 1053 2104 Deum
1087 2039 1184 2105 etiam
1206 2039 1324 2108 adesse
1344 2044 1377 2108 in

87 2148 234 2225 creatura
266 2151 409 2226 catenae,
445 2151 477 2208 et
506 2142 563 2209 alii
583 2142 678 2210 aliter
700 2143 862 2228 dicebant,
892 2143 950 2210 ubi
968 2145 1112 2209 maxima
1134 2166 1178 2211 ex
1204 2154 1299 2233 parte
1320 2169 1378 2235 per

87 2245 169 2313 tales
200 2245 327 2317 fabulas
364 2257 396 2313 et
424 2246 511 2314 dicta
542 2248 691 2337 improba
723 2270 855 2315 causam
900 2246 1029 2324 dedere
1054 2248 1098 2314 ad
1131 2248 1313 2317 discordias
1349 2262 1379 2318 et

88 2373 199 2419 earum
220 2350 404 2438 augendum
426 2350 623 2419 incendium.
666 2347 712 2418 Hi
747 2373 860 2418 omnes
883 2360 991 2417 autem
1023 2351 1112 2417 domi
1132 2367 1380 2440 permanserunt

89 2453 134 2522 ob
156 2454 302 2522 favorem
324 2463 356 2522 et
376 2456 570 2524 mercedem
594 2456 660 2539 Qui
681 2479 758 2524 vero
780 2458 816 2522 in
837 2455 925 2522 bona
940 2457 1164 2523 aestimatione
1187 2466 1221 2523 et
1245 2458 1379 2526 honesto

88 2568 263 2645 conventu¹
277 2581 336 2647 pro
369 2559 492 2626 honore
527 2570 559 2627 et
580 2560 677 2627 laude
709 2561 775 2627 Dei
809 2560 970 2649 quaedam
1002 2560 1148 2649 protulit,
1180 2562 1297 2629 nolens
1330 2586 1379 2630 res

88 2663 180 2732 fictas
213 2671 246 2730 et
277 2666 477 2752 excogitatas
493 2667 666 2747 ,bominum
696 2665 883 2745 defendere,
912 2665 994 2732 tales
1028 2665 1247 2755 blasphemos,
1285 2670 1379 2736 Pick·

86 2767 207 2852 bar'tas,
240 2767 410 2836 seditiosos
431 2770 687 2861 appellaverunt,
723 2768 854 2837 eosdem
875 2779 1120 2859 persequentes,
1152 2794 1207 2838 res
1236 2772 1330 2839 fictas
1352 2783 1381 2840 et

87 2868 329 2963 improbabiles,
351 2897 391 2941 ac
412 2875 584 2942 mendacia
605 2876 652 2942 eis
674 2877 931 2964 appropriantes,
954 2897 998 2943 ex
1024 2875 1155 2967 civitate
1177 2876 1311 2953 tandem
1328 2901 1381 2944 eos

90 2968 304 3067 eripuerunt,
336 2980 393 3068 qui
420 3002 486 3046 non
515 2979 697 3046 habuerunt
728 2978 838 3061 media
866 2978 909 3045 ad
942 3001 978 3044 se
1015 2978 1262 3066 exsolvendum,
1304 2983 1381 3050 alios

88 3080 188 3149 curiis
216 3081 430 3167 tradiderunt,
471 3091 504 3150 et
525 3105 581 3149 eos
619 3083 752 3150 tandem
784 3082 1021 3169 relegaverunt.
1064 3083 1223 3171 Magister
1259 3089 1381 3154 Passek

90 3208 169 3253 vero
191 3193 339 3276 tempore
372 3187 486 3254 barum
507 3187 742 3256 discordiarum
767 3187 1024 3277 supradictarum
1066 3187 1175 3255 locum
1210 3191 1245 3255 in
1268 3202 1379 3259 senatu

95 3291 245 3359 obtinens
266 3293 466 3382 primarium,
500 3293 578 3361 dum
604 3295 703 3383 juxta
733 3292 933 3360 voluntatem
956 3294 1027 3382 ejus
1054 3292 1211 3382 adjuvare
1245 3298 1381 3364 eundem

91 3394 281 3483 noluissent,
306 3399 342 3464 in
363 3390 603 3487 supprimendis
615 3398 722 3465 eidem
742 3397 909 3465 inutilibus
926 3397 1053 3465 civibus
1078 3398 1120 3464 ad
1139 3400 1209 3487 ejus
1219 3399 1381 3483 fabulosas

93 3488 271 3569 delationes
304 3511 417 3577 contra
442 3503 499 3592 jus
534 3513 566 3570 et
606 3504 836 3588 ordinationes,
871 3502 968 3569 etiam
996 3501 1053 3569 ille
1090 3524 1165 3568 cum
1187 3508 1379 3593 sequacibus

95 3607 164 3693 ejus
185 3606 290 3674 noluit
320 3607 496 3698 quidquam
517 3609 552 3674 in
579 3608 678 3675 finem
700 3607 871 3690 deducere,
905 3606 963 3672 sed
994 3605 1083 3673 mala
1110 3630 1231 3694 augere
1253 3612 1382 3700 incepit,

92 3713 198 3781 donec
219 3710 379 3779 culmen
363 3714 449 3796 puris
471 3714 664 3801 attigissent,
688 3721 721 3778 et
742 3712 923 3780 voluntarie
945 3711 1062 3789 omisit,
1099 3734 1182 3798 quae
1204 3712 1317 3782 debite
1337 3739 1382 3782 re·

93 3839 209 3912 parare
227 3814 407 3918 debuisset,
429 3816 495 3883 illis
517 3839 595 3885 vero
617 3816 767 3901 inhaesit,
787 3839 874 3905 quae
891 3817 981 3904 juste
1002 3818 1180 3908 praeterire
1202 3818 1383 3903 debuisset

92 3924 139 3988 ita
160 3919 247 4011 quod
268 3898 330 4003 illi,
350 3922 405 4009 qui
428 3921 547 3988 similia
569 3920 760 3989 cavillanter
781 3920 893 3987 locuti
901 3920 1039 4003 fuerunt,
1070 3919 1214 4007 posthos
1232 3924 1383 3989 tumultus

95 4027 222 4114 Pragae
243 4025 367 4114 absque
389 4026 477 4093 omni
498 4028 723 4115 persecutione
744 4027 997 4115 permanserint3
1019 4034 1088 4091 tum
1095 4034 1306 4113 portaverat
1316 4052 1384 4116 per

94 4152 208 4198 cussus
229 4130 389 4216 illaesum,
422 4141 455 4197 et
483 4130 602 4216 quibus
625 4131 705 4197 alios
728 4139 952 4214 oneraverant,
984 4131 1178 4219 praesertim
1206 4133 1385 4198 incarcera-

6 4282 10 4290 -
93 4244 154 4321 tos,
176 4236 382 4305 haecomnia
404 4236 569 4325 sibiipsis
591 4235 814 4307 inhaerebant
837 4235 952 4326 Itaque
974 4257 995 4300 a
1016 4234 1178 4323 principio
1201 4235 1298 4324 hujus
1322 4237 1384 4304 dis·

95 4340 253 4419 censionis
274 4363 379 4432 usque
401 4339 444 4407 ad
464 4340 573 4424 finem,
611 4334 702 4425 false,
735 4340 957 4409 fraudulenter
990 4349 1023 4408 et
1055 4337 1230 4405 infideliter
1252 4365 1381 4429 proces·

97 4452 216 4530 serunt,
237 4447 341 4535 primo
364 4434 512 4515 cumbis
532 4447 753 4524 incarceratis,
775 4440 894 4512 deinde
917 4469 991 4519 oum
1023 4444 1174 4512 omnibus
1195 4445 1387 4534 aliisPraga

95 4552 186 4619 exire
201 4551 320 4639 jussis3
344 4553 422 4641 quia
442 4574 521 4620 vero
542 4552 703 4619 Dominus
726 4551 819 4619 Deus
842 4542 971 4639 semper
992 4551 1194 4616 innocentes
1227 4559 1261 4615 et
1283 4551 1385 4618 bomi-

94 4678 154 4723 nes
170 4656 277 4745 justos
299 4655 341 4722 de
362 4657 487 4746 laqueis
514 4655 668 4724 liberavit
699 4665 732 4722 et
759 4655 991 4745 praeservavit,
1025 4653 1099 4720 ideo
1134 4656 1385 4745 provoluntate

91 4766 205 4825 eorum
228 4758 343 4829 dolosa
365 4771 398 4831 et
416 4767 531 4853 pejora
553 4771 665 4834 secuta
684 4783 752 4831 non
783 4759 930 4847 damuatq
967 4759 1144 4850 inquibus
1177 4760 1330 4846 omuibus
1351 4771 1386 4833 et

802 4934 818 4969 Χ
