2902 5086
1235 207 1309 278 ,149

18 364 196 443 clericalis:¹
215 382 335 459 metuo,
358 397 399 440 ne
424 376 494 443 sitis
517 377 574 443 illa
596 381 761 466 meretrix,
785 380 883 467 quam
905 379 989 446 vidit
1011 390 1142 449 sanctus
1163 384 1308 452 Joannes
1420 366 1422 371 .

10 474 204 548 inebriatam
237 482 397 568 sanguine
432 490 616 548 sanctorum
653 492 685 548 et
719 494 896 571 martyrum
918 484 999 550 Jesu
1021 486 1153 571 Christi,
1191 492 1307 557 manus

22 587 104 650 onim
125 585 262 650 Vestrae
284 594 443 672 apparent
463 585 580 672 plenae
604 589 762 673 sanguine
782 588 928 653 fidelium
951 600 983 655 et
1005 593 1225 657 innocentium
1249 594 1307 660 ho-

10 691 150 757 mrum.
187 688 325 777 Impleta
355 701 404 754 est
438 692 534 755 etiam
558 690 718 778 scriptura
747 694 781 759 in
809 693 1039 781 Pragensibus,
1078 719 1121 762 ex
1143 695 1175 762 S.
1199 698 1301 766 Paulo

10 792 159 883 {pistolo
193 794 236 860 ad
258 793 565 860 Thessalonicenses
593 794 795 885 11.a.sap.:
830 798 916 879 Quia
946 799 1135 865 charitatem
1166 810 1198 865 et
1219 803 1302 869 veri·
1407 781 1410 788 ¹

10 905 111 995 istem
133 893 208 964 non
222 908 442 988 susceperunt,
466 908 501 964 ut
524 898 700 988 salventur,
735 905 823 970 misit
846 905 893 968 cis
915 904 1006 970 Deus
1029 904 1196 969 authorem
1219 894 1303 973 erro·

10 1024 95 1087 num,
116 1014 153 1068 ut
175 1003 310 1070 credant
330 1003 510 1070 mendaciis
545 1015 578 1070 et
600 1007 857 1074 condemnentur
878 1029 1000 1084 omnes,
1032 1010 1087 1095 qui
1110 1006 1301 1077 invidebant

10 1109 141 1175 veritati
172 1117 204 1173 et
225 1109 399 1197 injustitias
422 1108 630 1197 quaerebant
663 1113 707 1179 Et
728 1114 790 1179 hoc
812 1113 885 1179 ideo
907 1113 1027 1178 factum
1052 1121 1109 1197 est,
1135 1114 1210 1200 quia
1232 1106 1303 1201 grass

10 1214 183 1285 titudinem
203 1236 270 1280 non
298 1212 513 1279 exhibuerunt
534 1217 709 1301 magistris,
740 1215 926 1283 doctoribus
956 1238 996 1282 ac
1017 1216 1162 1311 veritatis
1173 1217 1300 1305 praedi-

10 1319 185 1403 catonibus,
218 1320 273 1407 qui
284 1318 349 1383 illis
364 1318 533 1384 veritatem
547 1330 768 1410 exposuerunt
797 1330 829 1387 et
847 1321 1118 1410 praedicaverunt
1141 1320 1305 1397 deamore

10 1434 47 1492 et
65 1424 170 1512 gratia
191 1425 272 1508 Dei3
303 1433 335 1488 et
356 1423 431 1490 ideo
453 1442 513 1490 vos
534 1427 627 1492 Deus
650 1427 697 1490 eis
719 1427 807 1490 misit
830 1448 873 1491 ex
893 1428 943 1490 ira
959 1447 1025 1508 sua,
1050 1425 1205 1491 docentes
1221 1447 1312 1511 erro--

10 1552 68 1597 nes
91 1539 125 1594 et
143 1526 301 1594 falsitates
327 1526 531 1612 Antichristi,
555 1529 703 1596 domares
728 1538 761 1593 et
781 1529 880 1595 falsos
903 1527 1092 1617 piophetas,
1114 1539 1151 1594 ut
1173 1529 1306 1596 eosdem
1352 1602 1353 1606 Ἰ

10 1633 183 1701 deducatis
205 1632 240 1695 in
263 1631 477 1718 perditionem
505 1642 538 1698 et
559 1634 808 1699 damnationem.
842 1633 951 1698 Etiam
973 1631 1030 1697 illa
1050 1633 1134 1698 sotio
1157 1633 1198 1700 de
1222 1657 1327 1727 com-fl

10 1738 151 1828 pactatis
171 1737 319 1801 instituta
344 1733 405 1800 finit
426 1737 530 1824 primo
552 1759 612 1824 per
629 1759 693 1803 -vos
714 1737 897 1824 Pragenses
911 1735 1086 1830 praelatos¹
1102 1736 1304 1824 episcopales

16 1852 50 1909 et
72 1840 206 1930 papales
241 1839 301 1904 sub
323 1841 452 1905 nomine
474 1842 565 1927 regio
588 1839 819 1907 auxiliantibus
843 1841 939 1905 etiam
952 1836 1305 1930 quibusdampersonis

10 1944 213 2013 notabilibus
246 1951 278 2007 et
304 1943 490 2030 potentibus
513 1944 751 2031 hujusmundi,
775 1947 828 2033 qui
842 1945 883 2010 ob
899 1944 980 2010 haec
991 1946 1164 2033 praemiari
1177 1943 1306 2020 debent,

10 2060 47 2117 et
66 2050 150 2117 forte
171 2047 294 2114 eisdem
316 2049 476 2137 promissa
494 2047 624 2114 fuerunt
655 2049 742 2114 dona
761 2048 925 2133 notabilia,
950 2051 978 2115 si
1001 2047 1308 2138 haecperfcoerint3
1358 2036 1361 2043 ¹

10 2155 147 2244 qnidam
183 2157 281 2221 etiam
317 2153 427 2220 officia
448 2152 585 2219 honesta
614 2154 775 2240 speranda
804 2153 1009 2243 habuerunt.¹
1031 2155 1149 2222 Judico
1187 2162 1304 2234 autem,

10 2258 296 2346 magisteerlle,
319 2257 379 2323 tihi
401 2257 561 2345 quaedam
582 2260 742 2345 promissa
763 2257 872 2341 fuisse,
896 2268 931 2323 tu
953 2259 1083 2347 quidem
1106 2267 1142 2323 ut
1163 2256 1304 2345 recipias

10 2362 119 2430 lorum
141 2363 183 2429 de
206 2363 267 2429 hac
282 2361 377 2452 pelle,
400 2361 623 2427 etKorambus
646 2361 791 2446 candem,
815 2364 842 2426 si
866 2378 942 2448 ergo
965 2363 1026 2429 tibi
1046 2362 1215 2428 advenerit
1226 2361 1309 2448 epis·

11 2476 149 2557 capatus
176 2477 209 2534 et
228 2466 395 2533 Koramho
427 2465 567 2548 abbatia,
589 2466 706 2531 Jacobi
729 2467 824 2531 etiam
847 2466 1049 2560 auxiliatoris
1074 2467 1174 2534 vestri
1199 2486 1310 2531 recor·

14 2571 149 2638 damini.
173 2570 319 2638 Credunt
340 2570 488 2636 homines
510 2570 561 2635 his
584 2569 756 2648 derebus,
780 2570 821 2636 ob
848 2571 907 2637 has
930 2569 1133 2637 causas-Vos
1156 2569 1304 2635 vercilla

10 2677 190 2765 appetiisse
219 2685 252 2740 et
281 2677 388 2762 egisse
409 2676 444 2740 in
467 2696 566 2739 causa
587 2683 861 2767 compactatorum
884 2685 916 2741 et
937 2676 1068 2741 unionis
1091 2697 1164 2740 cum
1185 2674 1303 2739 Roma·

11 2783 68 2846 nis
89 2782 176 2846 inter
195 2789 321 2870 partem
345 2779 405 2844 sub
426 2787 572 2867 utraque,
596 2778 763 2864 attendite,
785 2803 827 2846 ne
849 2803 909 2847 vos
932 2779 1099 2858 seducant,
1123 2786 1155 2843 et
1176 2801 1218 2843 ne
1245 2800 1304 2844 vo·
1343 2767 1344 2770 ¹

10 2882 118 2951 lentes
140 2887 175 2950 in
199 2886 298 2950 altum
322 2883 500 2967 sublimari,
533 2884 662 2948 interim
685 2887 718 2949 in
739 2884 902 2973 profundo
926 2895 959 2952 et
981 2885 1109 2972 abjecto
1144 2884 1214 2948 loco
1237 2883 1306 2948 Vos

10 2990 184 3073 collocent,
220 2989 303 3054 sicut
323 2989 452 3054 ‘factum
481 2987 542 3051 fuit
563 2987 717 3061 Lucifero
755 2999 788 3054 et
818 2990 944 3076 angelis
979 2991 1064 3077 ejus
1096 2989 1189 3053 Deus
1220 2987 1307 3052 enim

13 3120 145 3186 semper
168 3119 188 3163 a
209 3097 372 3184 principio
394 3094 508 3161 mundi
542 3093 690 3182 superbis
712 3094 839 3178 restitit,
879 3094 1012 3182 deponit
1045 3094 1132 3158 enim
1159 3099 1307 3179 potentes

10 3190 59 3268 (le
80 3203 160 3269 sede
192 3212 225 3268 et
247 3202 405 3268 exaltavit
420 3199 577 3265 humiles.
601 3200 655 3264 De
677 3198 739 3263 hoc
761 3209 868 3264 autem
892 3222 1052 3263 consensu
1076 3206 1107 3261 et
1128 3207 1202 3260 actu
1224 3216 1309 3259 oom-

10 3316 216 3393 pectatorum
238 3307 320 3372 haec
343 3304 451 3386 credo,
493 3301 579 3391 quod
601 3303 657 3368 illa
678 3312 744 3366 tam
767 3302 860 3367 firma
894 3314 927 3367 et
950 3302 1080 3368 stabilia
1100 3304 1208 3369 futura
1231 3305 1306 3381 sint,

16 3412 315 3478 sicutaraneorum
338 3409 421 3476 telae
443 3410 477 3473 in
499 3430 575 3473 aere
606 3417 638 3472 et
661 3429 776 3494 spuma
787 3409 821 3471 in
833 3430 925 3495 aqua.
947 3408 1133 3474 Ethocilla
1148 3409 1189 3474 de
1205 3430 1305 3472 causa

11 3513 100 3599 dico,
134 3517 210 3603 quia
232 3522 430 3580 contractum
453 3514 488 3577 in
511 3513 649 3578 comitiis
672 3511 853 3581 voluntarie
883 3522 914 3576 et
943 3511 1045 3577 libere
1074 3514 1307 3593 confirmatum,

15 3619 61 3686 ab
83 3620 233 3687 omnibus
257 3618 393 3685 statibus
415 3617 638 3706 approbatum,
672 3625 738 3681 tam
760 3617 871 3682 utilem
896 3626 928 3680 et
949 3620 1168 3682 necessarium
1192 3641 1306 3686 secun·

14 3726 95 3792 dum
129 3725 236 3812 legem
265 3725 340 3807 Dei,
374 3746 480 3811 neque
508 3745 567 3810 per
597 3744 696 3785 unum
725 3723 802 3810 anni
832 3721 1043 3809 quadrantem
1077 3715 1305 3808 conservastis,

17 3849 81 3895 nec
113 3851 172 3896 vos
201 3828 299 3912 juxta
328 3828 418 3892 illum
441 3828 599 3915 gessistis,
632 3826 690 3890 sed
713 3826 820 3891 omnia
853 3829 887 3891 in
920 3827 1057 3891 nihilum
1089 3830 1303 3910 convertistis,

10 3944 183 4019 praeterea
213 3956 286 3999 cum
308 3933 389 3998 haec
412 3934 544 3998 comitia
566 3946 639 3996 cum
663 3935 873 4018 compactatis
906 3941 1016 4019 aperte
1055 3935 1203 4019 opposita
1243 3935 1308 3997 sint

10 4032 81 4124 legi
103 4038 235 4103 divinae
258 4046 291 4103 et
313 4038 494 4124 scripturae
526 4036 647 4103 Christi
672 4059 795 4119 sacrae,
827 4046 859 4101 et
884 4045 1069 4103 contractus
1091 4036 1147 4101 ille
1177 4047 1308 4102 coactus

10 4142 123 4226 inerit,
157 4141 306 4211 omnibus
330 4143 426 4206 etiam
450 4140 586 4206 statibus
610 4141 670 4206 sub
694 4151 830 4229 utraque
854 4143 963 4228 specie
993 4143 1153 4205 contraria
1181 4151 1231 4205 ‘et
1253 4142 1308 4205 in-

14 4258 120 4334 grata,
143 4247 335 4337 praesertim
356 4244 474 4334 populo
497 4245 742 4311 in-civitatibus
765 4256 797 4311 ct
819 4246 1041 4311 communitati
1063 4245 1175 4309 odiosa
1188 4254 1219 4309 et
1232 4246 1311 4333 per-'

25 4352 167 4437 niciosa;
190 4372 266 4414 nam
290 4350 340 4415 his
364 4350 574 4436 compactatis
597 4373 655 4437 pro
678 4350 739 4415 hoc
761 4359 907 4437 tempore
930 4371 1011 4436 opus
1033 4371 1098 4414 non
1121 4354 1189 4431 est,'
1212 4358 1308 4436 prout

10 4456 85 4523 dixi
107 4459 141 4522 in
164 4457 378 4531 instrumento
410 4463 522 4531 contra
555 4463 756 4541 compactata
785 4454 872 4518 facto
917 4462 948 4517 et
976 4466 1123 4539 porrecto
1155 4453 1304 4519 omnibus

10 4561 118 4627 tribus
132 4559 280 4626 'statibus
302 4561 336 4623 in
358 4580 460 4644 regno
481 4559 660 4627 Bohcmiae
683 4558 742 4623 sub
765 4566 900 4644 utraque
923 4559 1033 4645 specis
1067 4566 1304 4623 sacramentum

12 4667 162 4755 corporis
193 4674 228 4731 et
259 4666 425 4752 sanguinis
447 4664 584 4730 Domini
619 4662 722 4738 nostri
742 4652 821 4728 Jesu
837 4660 959 4727 Christi
990 4659 1200 4737 sumentibus.
1236 4661 1307 4728 Lex

14 4773 102 4837 enim
124 4770 239 4847 divina
260 4780 293 4837 et
314 4776 541 4836 testamentum
562 4767 683 4835 Christi
704 4789 764 4833 nos
786 4778 861 4835 cunt
882 4766 1113 4849 Germaniam
1127 4764 1324 4833 museum
1356 4802 1360 4813 ·
