2946 5086
136 160 333 231 m..

138 333 294 424 apostolis
317 334 416 400 etiam
438 351 567 420 semper
587 327 732 398 credunt.
766 328 952 400 Abrahamo
974 330 1060 398 enim
1072 328 1166 398 Deus
1181 332 1323 420 dixerat,
1345 335 1428 424 quod

138 460 248 505 semen
273 438 344 525 ejus
366 434 595 524 mulh‘plicabit
623 456 721 524 super
753 434 882 523 stellas3
917 445 1091 526 antequam
1122 445 1232 504 autem
1259 436 1356 507 Isaac
1386 439 1425 509 ad

135 551 274 610 aetatem
304 548 541 630 competentem
572 532 786 628 pervenisset,
813 542 913 630 jussit
940 563 1014 609 eum
1042 541 1135 611 Deus
1157 543 1340 635 immolari.;
1361 566 1423 611 non

134 646 301 735 respondit
330 644 548 713 Abrahamus:
578 643 738 734 quomodo
770 645 832 712 hoc
862 667 934 712 esse
967 647 1080 733 possit,
1108 654 1145 712 ut
1176 648 1224 714 ita
1243 647 1312 733 fiat,
1340 648 1421 737 quod

136 772 245 818 semen
268 754 343 840 ejus.
359 751 641 839 multiplicabitur3
656 776 739 839 :nam
760 754 844 820 sicut
865 752 1013 834 credidit,
1043 753 1129 843 quod
1152 755 1182 821 01
1204 754 1300 823 Deus
1321 759 1355 824 in
1375 778 1419 823 se·
1462 836 1464 849 Ι

134 864 268 923 0001010Ι
284 850 387 923 filium
408 856 521 944 largiri
541 861 655 945 possit,
684 856 731 924 ita
753 859 851 924 etiam
871 857 1018 944 credidit,
1053 857 1139 947 quod
1161 863 1313 949 quamvis
1337 862 1431 928 iilius.

135 962 190 1028 hic
210 961 403 1046 immoletur,
436 962 524 1048 quod
545 962 637 1061 Deus
659 971 775 1053 potens
798 964 849 1047 sit,
884 962 1021 1029 cundem
1043 964 1261 1031 resuscitandi
1290 974 1323 1040 et
1352 988 1418 1055 pro-

134 1067 232 1133 misso
255 1088 312 1132 suo
335 1065 565 1133 satisfaciendi.
596 1064 647 1132 Ita
668 1067 702 1132 in
723 1089 809 1134 noro
831 1075 1045 1151 testamento,
1066 1067 1153 1155 quod
1174 1077 1281 1147 mater
1304 1068 1435 1153 chricti¹

135 1172 267 1237 Domini
295 1171 389 1257 virgo
421 1172 652 1258 permanserit,
686 1174 833 1260 quamvis
867 1194 941 1238 eum
970 1174 1156 1259 conceperit
1170 1254 1173 1261 Ι
1188 1170 1222 1239 01
1250 1176 1415 1264 pepererit,
1462 1180 1464 1219 ³

137 1275 240 1342 credit
260 1275 398 1363 populus
422 1274 625 1341 christianus.
663 1274 719 1342 Sic
741 1278 838 1342 etiam
861 1278 1009 1364 quamvis
1032 1278 1245 1366 corporaliter
1267 1279 1310 1345 ad
1331 1301 1415 1346 men-

137 1402 205 1446 sam
228 1382 350 1447 sederit
372 1379 531 1464 Christus,
552 1378 610 1447 ubi
624 1402 690 1448 non
704 1381 965 1467 imminuebatur,
987 1403 1049 1448 nec
1067 1368 1098 1448 ei
1119 1383 1299 1473 quidquem
1313 1384 1415 1452 deces-

137 1489 188 1572 sit,
210 1484 419 1561 crediderunt
451 1488 560 1551 tamen
592 1486 740 1573 apostoli,
761 1487 857 1574 ¹quod
879 1489 928 1553 eis
951 1487 1010 1554 sub
1030 1490 1140 1576 specie
1168 1491 1264 1577 panis
1295 1498 1328 1556 et
1354 1491 1436 1558 rini-

109 1613 253 1680 'corpus
277 1614 369 1657 suum
392 1599 425 1655 et
447 1592 637 1678 sanguinem
671 1615 749 1659 vere
771 1591 886 1676 1001101,
920 1601 954 1658 01
973 1581 1122 1682 quamvis
1156 1595 1255 1660 etiam
1276 1595 1420 1662 adverte

136 1697 201 1764 illis
224 1697 365 1762 dixerit:
389 1696 424 1764 Si
447 1719 507 1784 ego
529 1719 594 1763 non
618 1696 760 1781 abirem,
783 1697 966 1764 consolator
987 1697 1030 1764 ad
1050 1718 1110 1763 vos
1132 1698 1342 1778 non'veniet,
1364 1707 1417 1766 010

136 1801 209 1890 Ego
230 1800 400 1870 vobiscum
423 1825 494 1868 sum
515 1824 624 1890 usquc
639 1802 681 1868 ad
704 1803 979 1871 consumationem
1009 1802 1141 1869 saeculi.
1184 1802 1290 1888 Vado,
1312 1808 1349 1869 ut¹
1368 1826 1418 1871 vo·

138 1909 189 1977 bis
222 1908 327 1975 locum
360 1929 560 1996 praeparem.
605 1905 656 1974 01
686 1930 706 1973 a
741 1908 888 1975 doctrine
916 1909 1017 1991 varia,
1039 1929 1134 1990 nova,
1165 1894 1252 1973 ¹falsa
1282 1908 1418 1994 recede;

137 2036 283 2100 agnosce,
300 2013 349 2079 tel
386 2012 500 2078 desere
522 2011 653 2079 divitias
675 2013 829 2078 scientiae
851 2011 1041 2095 antedictae,
1067 2020 1136 2078 esto
1154 2034 1280 2103 pauper
1301 2015 1419 2104 spiritu,

137 2125 263 2185 reverte
286 2116 391 2182 denuo
423 2115 466 2185 ad
488 2138 641 2199 cremum,
675 2118 787 2189 vitam,
805 2139 867 2203 age
887 2118 961 2185 Deo
1000 2137 1118 2201 caram,
1151 2127 1184 2183 et
1204 2118 1331 2205 gratiae
1359 2120 1420 2208 ejas

138 2220 379 2290 commendatus
402 2229 480 2286 esto.
556 2230 559 2239 '
928 2229 931 2233 ’
996 2224 999 2229 ’
1258 2230 1262 2239 “

222 2328 288 2394 Η10
309 2324 459 2393 sacerdos
482 2327 685 2391 sanctitatem
708 2333 819 2391 sancto
842 2326 937 2394 Gallo
958 2348 1079 2414 negare
1111 2323 1294 2412 videbatur,
1318 2334 1420 2394 eontra

139 2458 173 2502 se
195 2435 301 2523 ipsum
323 2441 355 2498 et
377 2440 489 2498 contra
510 2452 637 2520 papam,
660 2429 800 2518 ideoque
822 2454 858 2498 se
878 2433 1010 2522 propria
1031 2448 1129 2498 manu
1148 2433 1196 2499 ita
1218 2431 1418 2526 subscripsit:

138 2538 296 2606 Sacerdos
318 2537 537 2624 Hieronymus
560 2542 593 2600 et
613 2535 773 2622 parochus
796 2536 982 2631 (1011001010.Ι

676 2724 822 2792 (1ΑΡ11Τ
854 2728 885 2794 3.

170 2906 231 2969 Ubi
251 2904 394 2968 scribitur
415 2924 592 2985 responsum
614 2906 716 2967 fratris
739 2905 874 2967 Mathiae
897 2907 935 2966 ad
957 2900 1060 2968 literas
1084 2901 1307 2987 suprascriptas
1329 2912 1381 2967 etc.

210 3058 339 3126 Gratia
362 3057 426 3124 Dei
449 3066 481 3124 et
502 3058 726 3153 panDomini
746 3058 849 3141 nostri
869 3056 949 3124 Jesu
972 3055 1094 3126 Christi
1117 3060 1159 3125 sit
1179 3058 1250 3143 tibi,
1274 3054 1415 3124 sacerdos

138 3165 347 3253 Hieronyme,
368 3165 403 3229 in
425 3163 555 3232 domino
577 3164 650 3230 Deo
673 3163 799 3230 dilecte.
841 3163 981 3247 Litcras,¹
1010 3184 1088 3252 quas
1111 3162 1192 3229 mihi
1213 3164 1274 3251 pe'r
1295 3162 1416 3229 1001000

137 3271 324 3358 Georgium,
342 3273 488 3354 miseras,
522 3269 658 3359 perlegi,
682 3278 818 3355 atquae
840 3269 1036 3351 contineant,
1067 3266 1232 3350 intellexi,
1252 3265 1417 3356 inquibus

137 3377 293 3460 insinuas,
318 3387 348 3442 te
369 3375 466 3441 valde
489 3374 662 3441 condolere
683 3374 857 3440 infortunio
881 3396 964 3458 mco,
986 3395 1053 3439 non
1068 3373 1172 3439 solum
1192 3370 1419 3439 rationarius

139 3481 333 3570 temporalis,
365 3480 422 3547 sed
443 3481 617 3570 plurimum
639 3478 725 3568 quod
746 3479 887 3545 animam
917 3497 1023 3545 meam
1044 3477 1221 3560 concernit,
1255 3477 1350 3565 quasi
1369 3473 1419 3540 ali·

141 3586 226 3675 quod
248 3587 369 3653 malum
401 3587 436 3651 in
469 3570 605 3674 utroque
633 3583 763 3650 homine
795 3592 932 3671 paterer.
976 3583 1064 3650 Scito
1087 3589 1220 3664 autem,
1238 3589 1272 3647 te
1304 3583 1341 3647 in
1374 3579 1418 3646 his

138 3692 234 3760 valde
255 3692 334 3777 falli,
357 3714 422 3758 000
445 3688 666 3778 dignoscendo
687 3710 801 3754 verum
823 3711 843 3754 a
864 3688 956 3771 falso,
977 3709 1040 3754 nec
1056 3685 1273 3753 discernendo
1284 3686 1416 3753 fructum

138 3823 160 3865 a
180 3799 309 3865 damno.
332 3797 437 3864 Nosse
459 3799 547 3862 enim
568 3803 600 3861 te
622 3803 757 3884 oportet,
780 3794 1152 3881 sacerdosHieronyme,
1173 3812 1247 3857 cum
1269 3792 1352 3876 aliis,
1372 3810 1419 3855 me

87 3966 89 3972 .
139 3904 219 3971 haec
240 3925 305 3969 non
328 3904 505 3990 poenitere,
528 3909 719 3967 nec‘mente
746 3890 986 3987 turbari,quod
1009 3897 1149 3988 quodam
1178 3904 1326 3986 tempore
1356 3918 1438 3967 carr

138 4031 230 4075 ceres
252 4008 411 4076 sustinere
434 4000 601 4072 debuerim
623 4005 665 4072 ab
687 4003 886 4072 Antichristo
916 4011 1049 4091 propter
1079 4002 1251 4068 veritatem
1285 4001 1368 4088 legis
1394 4007 1421 4064 et

139 4137 257 4181 nornen
279 4113 412 4180 Domini
433 4113 532 4178 nostri
555 4110 636 4176 Jesu
658 4108 789 4192 Obristi,
813 4130 887 4174 cum
911 4129 1042 4196 semper
1059 4106 1101 4172 ad
1122 4107 1232 4173 Deum
1253 4105 1418 4185 oraverim,

140 4228 173 4285 01
192 4219 233 4285 ab
256 4240 294 4285 00
316 4215 496 4306 petiverim,
530 4224 566 4279 ut
595 4213 656 4279 hoc
670 4234 673 4241 ·
688 4212 783 4279 modo
815 4234 874 4301 pro
903 4212 1039 4279 veritate
1062 4214 1131 4302 ejus
1166 4211 1328 4300 quaedam
1359 4211 1419 4300 pati

139 4326 270 4415 possim,
293 4345 351 4412 pro
374 4322 492 4410 quibus
515 4322 584 4410 ejus
607 4321 729 4407 gratiae
752 4319 794 4383 sit
815 4319 1010 4406 sempiterna
1044 4318 1114 4383 laus
1144 4326 1177 4383 et
1205 4317 1336 4385 infinita
1357 4342 1418 4408 gra

139 4430 256 4503 tiarum
294 4429 386 4493 actio.
432 4425 520 4491 Scito
552 4426 648 4505 etiam
686 4432 717 4489 ct
745 4418 863 4515 nosce,v
884 4422 970 4509 quod
1002 4421 1181 4488 auxiliante
1216 4424 1291 4492 Deo
1333 4424 1418 4493 valde

141 4536 252 4622 magni
273 4534 451 4619 aestimem,
473 4552 532 4618 pro
555 4530 691 4594 veritate
704 4518 788 4617 pati,
824 4537 856 4593 01
884 4550 942 4615 pro
965 4527 1038 4614 lege
1066 4526 1202 4594 Domini
1222 4533 1328 4597 nostri
1349 4531 1419 4598 Jesu

142 4640 272 4716 Christi,
295 4640 392 4726 super
415 4656 527 4703 omnes
549 4634 681 4700 divitias
702 4635 773 4699 auri
794 4634 991 4721 argentique,
1014 4654 1093 4720 quas
1109 4631 1334 4729 Antichristus
1355 4654 1418 4701 cum

135 4742 288 4811 omnibus
318 4743 387 4810 suis
417 4739 679 4823 adhaerentibus,
711 4737 793 4807 filiis'
820 4747 853 4805 et
885 4736 1023 4806 subditis
1045 4738 1112 4807 suis
1142 4738 1302 4828 possidet,
1331 4748 1419 4831 atquo
