2946 5086
531 298 535 305 ’
649 336 794 406 carus
818 338 867 406 10.

106 528 179 598 Ubi
193 534 322 595 refertur
353 537 389 596 de
419 536 546 612 quadam
568 536 689 596 Martha
718 533 1058 611 assueto-Clemente,
1093 556 1168 614 qnae
1199 537 1288 596 etiarn
1317 537 1397 597 sicut

108 624 226 701 priores
249 632 371 702 propter
392 622 590 697 testimonium
614 621 726 693 Christi
746 624 810 683 sine
839 624 920 685 omni
942 623 1002 684 alia
1037 625 1126 701 culpa
1148 626 1303 686 combusta
1323 622 1396 699 init3

107 711 199 771 simul
222 729 314 787 quare
335 710 518 788 rebaptisata
538 710 636 786 inerit,
665 719 814 785 narratur,
848 719 877 775 et
910 712 988 788 quod
1017 712 1056 772 ad
1078 719 1203 772 mortem
1235 713 1396 790 procedens

400 798 474 857 nulli
496 798 618 877 imagini
641 799 782 881 honorem
805 799 946 858 exhihere
967 794 1104 865 voluerit.

192 948 256 1014 His
280 950 383 1029 ,etiam
415 947 531 1015 diebus
552 948 733 1036 Pragenses
767 950 864 1018 aliam
897 950 1070 1017 foeminam
1101 934 1394 1035 incarceraverunt,

102 1054 238 1120 nomine
259 1052 428 1133 Martham‚
468 1051 667 1119 habitantem
690 1055 724 1118 in
745 1054 852 1139 Poris,
886 1055 929 1121 ad
951 1056 987 1123 S.
1010 1052 1221 1142 Clementem,
1258 1058 1299 1124 de
1332 1081 1397 1147 qua

104 1161 295 1244 dicebatur,
334 1158 419 1248 quod
451 1158 525 1225 illos
561 1156 745 1224 combustos
779 1159 956 1227 firmaverit
991 1162 1026 1226 in
1061 1161 1148 1241 fide,
1178 1168 1246 1248 ne*
1266 1163 1308 1230 ab
1340 1161 1402 1231 illa

104 1265 272 1349 recedant,
307 1263 393 1353 quod
415 1285 528 1345 reruni
552 1285 623 1329 esse
656 1285 699 1329 ex
731 1263 804 1352 lege
834 1264 899 1331 Dei
929 1273 962 1331 et
993 1267 1152 1354 scriptura
1184 1277 1395 1354 agnoverunt,

106 1369 194 1459 quod
206 1369 355 1436 Christus
377 1367 456 1434 alibi
477 1368 699 1456 personaliter,
723 1369 977 1436 substantialiter
999 1372 1259 1438 etessentialiter
1280 1395 1393 1439 secun·

105 1475 184 1541 dum
205 1478 355 1540 naturam
377 1494 468 1538 suam
489 1488 645 1560 praesens
665 1494 731 1539 non
754 1475 807 1558 sit,
830 1473 944 1540 sedin
966 1475 1066 1560 coelo,
1089 1475 1131 1541 ad
1153 1476 1321 1542 dexteram
1332 1477 1396 1543 Dei

107 1579 225 1645 sedens
248 1577 424 1644 seeundum
446 1599 650 1643 communem
683 1576 892 1643 christianam
913 1577 1020 1657 fidem,
1052 1587 1085 1644 et
1106 1579 1276 1668 quodrilla
1298 1582 1395 1647 etiam

105 1685 148 1750 ita
170 1681 294 1749 credat.
338 1682 555 1769 Inoongruum
577 1681 679 1747 ferme
711 1681 838 1748 veritati
867 1690 927 1765 est,
961 1704 1058 1770 quam
1080 1706 1237 1771 generose
1267 1694 1300 1751 et
1321 1707 1395 1752 con-

104 1797 228 1854 stanter
249 1787 357 1853 locuta
377 1786 484 1871 fiuent
508 1807 617 1851 coram
638 1786 802 1872 magistris
824 1788 858 1852 in
881 1788 1073 1853 consistorio
1096 1797 1129 1854 et
1149 1790 1184 1853 in
1207 1791 1315 1875 curia,
1339 1784 1395 1856 su'·

100 1890 239 1980 perabat
260 1892 347 1956 enim
361 1898 509 1956 naturam
520 1912 618 1955 sexus
633 1889 802 1956 foeminei.
834 1889 918 1955 Nam
933 1890 1010 1956 dum
1020 1940 1024 1947 .
1034 1889 1275 1958 administrator
1289 1892 1395 1960 eidem

101 1998 247 2062 minatus
268 1995 393 2080 fnisset,
415 2005 451 2061 ut
472 1994 676 2062 indusiasibi
691 2003 872 2083 praeparet,
896 1995 982 2083 quod
1003 1997 1080 2082 igne
1102 1995 1316 2082 comburetur,
1338 1997 1394 2064 illa

98 2101 259 2168 audacter
280 2099 457 2189 respondit,
492 2108 531 2165 ut'
549 2094 807 2188 quandocunque
828 2099 940 2184 velint,
962 2122 1028 2166 non
1050 2100 1316 2168 tantumindusia
1337 2101 1395 2169 sed

99 2215 132 2273 et
153 2203 292 2293 pallium
314 2214 350 2269 ut
370 2203 419 2269 illi
441 2204 617 2291 imponant,
651 2203 741 2268 illam
764 2214 836 2268 esse
866 2202 909 2269 ad
939 2204 1047 2270 omnia
1067 2213 1220 2292 paratam.
1264 2205 1390 2288 Quibus

100 2310 217 2378 verbis
238 2301 379 2377 furorenl
401 2307 544 2374 illius-et
565 2308 661 2374 totius
684 2296 1004 2387 consistoriicontra
1025 2330 1060 2373 se
1081 2309 1185 2396 ipsam
1208 2308 1304 2376 valde
1320 2333 1395 2376 con·

98 2417 226 2498 citavit,
250 2414 338 2509 quod
358 2436 436 2480 vero
458 2413 515 2480 illa
543 2436 609 2481 non
632 2414 776 2499 curavit3
805 2412 855 2478 his
879 2410 975 2478 dictis
1003 2412 1093 2479 illam
1115 2412 1221 2480 denuo
1244 2414 1285 2480 ad
1319 2437 1395 2481 aar·

96 2542 193 2588 ceres
225 2521 274 2585 ire
291 2521 471 2608 jusserunt,
505 2520 539 2584 in
573 2518 689 2606 quibus
718 2516 903 2584 carceribus
937 2516 1173 2606 quinquaginta
1204 2520 1393 2607 septimanis

97 2626 256 2691 continuo
278 2625 466 2711 permansit,
490 2622 690 2690 numerando
711 2646 829 2713 nempe
851 2646 872 2689 a
893 2623 1053 2712 supplicio
1074 2622 1201 2689 Nicolai
1215 2622 1255 2689 'et
1278 2622 1394 2691 Clarae

98 2729 374 2819 supradictorum,
410 2750 473 2817 quo
495 2736 640 2817 tempore
659 2731 768 2796 varias
791 2739 824 2794 et
845 2749 994 2815 magnas,
1010 2729 1203 2807 tentationes
1237 2737 1270 2795 et
1290 2730 1398 2818 minas

96 2828 259 2925 perpessa
279 2833 350 2918 fuit,
386 2834 522 2900 citantes
555 2833 645 2899 illam
668 2822 710 2900 ad
732 2834 855 2900 curiam
889 2844 922 2899 et
947 2834 1144 2923 persuadere
1174 2833 1330 2917 volentes,
1360 2844 1397 2901 ut

99 2962 134 3006 se
156 2942 194 3004 in
215 2938 280 3005 fide
314 2939 465 3005 emendet
497 2937 620 3025 absque
642 2941 730 3005 omni
757 2939 813 3005 tali
836 2939 1021 3020 afflictione,
1044 2962 1140 3028 quam
1156 2936 1315 3006 sustinere
1337 2939 1393 3006 de-

97 3044 180 3112 buit.
222 3043 285 3109 Illa
306 3060 384 3111 vero
406 3045 501 3132 copia
522 3044 695 3110 verborum
729 3043 908 3111 abundanti
939 3044 1087 3132 praedita
1113 3045 1187 3112 illos
1209 3066 1320 3112 omnes
1343 3068 1394 3111 su-

101 3149 231 3239 peravit
263 3148 406 3214 textibus
444 3150 623 3237 scripturae
656 3151 777 3233 sac'rae,
811 3150 950 3238 ideoque
985 3171 1112 3238 semper
1144 3151 1248 3234 magis
1281 3158 1394 3215 contra

100 3255 190 3322 illam
213 3252 493 3319 exacerbabantur
513 3255 563 3319 ira
593 3263 648 3320 aut
682 3257 789 3343 potius
820 3254 937 3332 furore,
969 3275 1042 3319 cum
1064 3276 1100 3319 se
1120 3253 1170 3320 illi
1192 3255 1391 3320 sufficienter

102 3380 268 3449 opponere
291 3367 324 3423 et
340 3359 525 3424 ¹veritatem
547 3359 634 3425 illius
657 3361 788 3427 vincere
809 3381 875 3425 non
896 3360 1066 3448 potuerint
1099 3359 1174 3424 Jam
1196 3359 1304 3446 itaque
1325 3359 1392 3425 fue·

102 3475 176 3530 runt
200 3485 299 3529 causa
322 3463 406 3555 illius
429 3467 551 3548 mortis,
575 3465 718 3531 dicentes
741 3488 775 3530 se
797 3464 887 3530 illam
917 3464 1018 3530 libere
1041 3485 1137 3551 posse
1170 3485 1334 3531 assumere
1356 3465 1391 3529 in

101 3569 332 3637 conscientiam
357 3591 457 3634 suam.
501 3570 544 3634 Et
567 3569 643 3634 dum
666 3569 852 3636 advenisset
886 3569 956 3635 dies
983 3569 1017 3636 S.
1041 3568 1205 3634 Barbarae
1229 3568 1272 3656 (4.
1296 3567 1392 3657 Dec.)

102 3697 184 3740 anno
203 3675 275 3762 jam
297 3673 399 3738 ferme
420 3676 546 3760 integro
568 3675 669 3758 finito,
692 3697 809 3764 nempe
834 3675 926 3757 1527,
958 3673 1108 3759 colligata
1131 3673 1247 3739 educta
1267 3673 1329 3738 fuit
1350 3696 1392 3739 ex

99 3776 282 3845 carceribus
297 3777 340 3843 ad
352 3777 554 3866 supplicium,
577 3787 613 3844 ut
625 3779 838 3847 comburatur.
856 3780 1030 3868 Apparitor
1045 3789 1152 3843 autem
1167 3777 1392 3865 proclamavit)

99 3884 184 3974 quod
209 3883 272 3948 hac
293 3893 397 3948 morte
429 3886 511 3949 mori
533 3883 651 3965 debeat
670 3884 766 3968 ideo,
801 3885 876 3972 quia
898 3872 1116 3971 blasphemias
1150 3892 1262 3948 contra
1283 3881 1404 3946 Deum·

96 4001 127 4056 ct
150 3996 357 4055 sacramenta
377 3989 519 4074 protulit,
555 3999 587 4054 et
609 3988 696 4076 quod
716 4011 782 4054 non
804 3988 916 4054 eredat
936 3991 971 4054 in
993 4010 1110 4077 corpus
1132 3985 1254 4053 Christi
1277 3984 1392 4051 eucha-

91 4097 256 4176 risticum,
304 4093 401 4157 etiam
431 4095 599 4162 aloanne
621 4093 767 4160 Kalened
798 4092 940 4159 secundo
973 4091 1134 4180 baptisate
1156 4092 1261 4174 fuerit,
1296 4101 1392 4157 etex

90 4201 199 4268 calice
230 4197 294 4262 hoc
327 4195 522 4285 (monstrans
555 4198 660 4287 illum)
695 4197 736 4263 ab
770 4197 890 4264 eodem·
916 4198 1174 4262 communionem
1209 4195 1391 4283 sumpserit.

90 4306 191 4388 Quae
208 4301 272 4381 illa
294 4301 431 4368 audiens
453 4306 596 4390 negavit,
630 4305 759 4372 dicens:
793 4306 911 4372 falsum
934 4327 1015 4388 esse,
1047 4304 1133 4393 quod
1171 4303 1391 4391 blasphemias

92 4396 218 4480 contra*
235 4417 439 4481 sacramenta,
461 4410 639 4498 protulerit,
675 4412 732 4478 sed
756 4411 842 4497 quod
874 4412 1002 4495 credat,
1026 4409 1192 4475 Christum
1214 4409 1392 4474 Dominum

94 4538 171 4584 esse
194 4537 310 4582 verum
333 4513 442 4595 Deum
465 4524 498 4580 et
519 4514 692 4601 hominem,
725 4517 780 4605 qui
802 4516 949 4582 ascendit
977 4517 1018 4580 in.
1035 4514 1160 4580 coelum
1183 4522 1214 4578 et
1238 4512 1330 4578 sedet
1350 4509 1393 4577 ad

92 4623 269 4689 dexteram
281 4620 347 4684 Dei
361 4618 467 4685 Patris
485 4622 544 4705 sui,
568 4621 646 4687 inde
661 4630 817 4689 venturus
837 4629 890 4685 est
898 4620 1049 4710 judicare
1070 4617 1163 4685 vivos
1186 4627 1218 4684 et
1231 4623 1390 4700 mortuos;

97 4737 133 4795 nt
155 4749 236 4796 vero
259 4727 295 4791 in
318 4723 432 4790 eadem
456 4727 597 4793 essentia
619 4736 651 4794 et
673 4725 852 4794 substantia
881 4728 915 4793 in
937 4724 1032 4791 altari
1054 4724 1104 4808 sit,
1134 4723 1169 4789 id
1189 4729 1288 4810 negat
1307 4717 1391 4787 fides
