2946 5086
11 353 80 418 :iter
118 352 239 438 viginti
275 350 389 418 famuli
422 353 538 418 armati
560 352 682 418 cumam
716 357 939 438 transeuntes3
972 336 1131 418 besdum
1152 351 1300 437 vidisset,

11 477 56 520 eos
77 479 99 522 a
121 457 221 542 longe
244 479 319 522 cum
342 455 537 545 quibusdam
571 455 697 522 civibus
721 450 850 521 secutus
873 456 943 539 fuit,
966 455 1148 541 attendens,
1172 459 1300 545 quoire

11 559 111 643 velint,
140 559 315 648 judicabat
348 563 435 625 emim
468 560 541 626 illes
576 583 648 626 esse
677 560 719 626 ab
753 561 862 648 aliquo
885 560 1072 645 conductos,
1097 568 1129 626 et
1151 561 1299 647 quamvis

11 663 122 728 milites
145 665 182 728 in
205 665 296 730 curia
317 663 478 747 habuerit,
501 687 566 730 non
589 687 688 730 ausus
708 673 815 729 tamen
837 664 897 731 fuit
918 665 1100 749 vociferari,
1116 673 1152 730 ut
1173 666 1301 748 resciat,

13 769 58 852 qui
79 768 146 833 sint
169 777 202 833 et
222 767 310 833 unde
332 771 500 854 venerint3
538 769 711 857 (potuisset
744 769 853 835 omnia
888 771 1009 836 rescire
1032 792 1105 834 eum
1128 769 1186 835 tali
1208 770 1309 857 copia¹

14 871 152 955 militum,
178 893 261 958 quae
272 870 443 961 adfuerat).
455 873 543 938 Dum
567 896 644 959 ergo
662 872 768 962 judex
784 872 912 960 jamdiu
935 873 1007 940 illos
1030 873 1195 939 insecutus
1216 873 1302 939 fuis·

18 967 63 1060 sel,
98 976 328 1063 disparuerunt
361 1000 484 1061 omnes,
518 987 554 1042 ut
587 1001 652 1043 non
687 979 828 1061 sciverit,
864 1000 926 1066 quc
960 977 1160 1045 devenerint.
1205 976 1302 1059 Quod

17 1079 135 1146 tandem
153 1079 260 1167 judex
282 1083 317 1145 in
340 1085 430 1147 curia
452 1082 541 1148 urbis
564 1082 727 1171 Antiquae
751 1105 858 1148 coram
882 1105 999 1169 magno
1021 1084 1132 1171 populi
1155 1104 1302 1165 numero,

20 1194 40 1250 et
60 1186 183 1252 civium
205 1186 401 1272 praesentia,
425 1188 535 1274 quiin
559 1187 621 1253 hoo
644 1211 819 1274 congressu
830 1187 1011 1271 adfuerunt,
1035 1197 1200 1276 proserta
1219 1186 1304 1252 veri·

18 1297 69 1355 ute
92 1290 250 1373 narravit,
272 1312 338 1355 una
361 1312 434 1356 cum
458 1291 539 1375 istis,
564 1292 619 1379 qui
640 1292 717 1357 huic
747 1293 866 1358 visioni
889 1292 1069 1358 adfuerunt.
1114 1291 1180 1356 Alii
1203 1291 1300 1357 etiam
1356 1308 1363 1315 “

18 1397 195 1480 retulerunt,
219 1419 255 1461 se
275 1397 432 1483 quosdam
455 1395 682 1482 stipendiarios
704 1404 803 1460 noctu
815 1395 1018 1462 ambulantes
1033 1395 1166 1478 vidisse,
1178 1417 1217 1459 ac
1237 1393 1302 1459 illis

14 1501 167 1581 obviasse,
189 1499 253 1565 hoc
273 1501 494 1584 firmaverunt,
518 1501 711 1582 nescientes,
736 1501 791 1586 qui
815 1500 888 1564 sint.
918 1498 985 1566 Alii
1004 1500 1122 1564 iterum
1137 1497 1307 1590 dixerunt,

13 1625 42 1672 se
71 1605 161 1693 apud
195 1605 282 1670 Krez
319 1627 440 1692 pagum
475 1605 668 1670 collocatum
700 1603 823 1668 vidisse
853 1602 1008 1691 populum
1029 1624 1237 1669 numerosum
1259 1601 1302 1668 ad

11 1711 151 1796 quinque
172 1707 276 1773 millia
297 1709 331 1772 in
354 1709 512 1773 auxilium
535 1708 804 1791 Pickhartarum3
836 1707 891 1772 alii
916 1708 1013 1772 etiam
1036 1709 1070 1771 in
1093 1705 1172 1794 Slup
1195 1707 1305 1796 copias

10 1813 127 1878 vidisse
160 1812 323 1878 dixerunt.
378 1813 422 1876 Et
455 1811 503 1877 sic
539 1812 595 1877 alii
632 1811 740 1878 varios
774 1820 924 1889 terrores,
955 1812 1010 1897 qui
1040 1810 1166 1897 Pragae
1194 1809 1305 1876 multis

10 1917 100 2003 quasi
123 1917 158 1982 in
196 1938 308 1982 somno
342 1924 571 2004 apparuerunt,
596 1937 655 2003 pro
689 1923 778 1980 certa
813 1914 950 1980 veritate
984 1913 1189 1999 indicarunt,
1221 1934 1306 2001 quae

10 2021 116 2084 ommia
139 2019 181 2085 ob
199 2022 305 2108 majus
339 2020 514 2085 ludibrium
538 2021 685 2085 omittam
707 2018 885 2102 vitandum,
917 2041 993 2084 nam
1026 2018 1095 2083 sola
1116 2018 1306 2104 imaginatio

11 2124 163 2190 eausabat
185 2123 411 2191 certitudinem
435 2126 469 2189 in
492 2123 654 2190 mentibus
686 2123 870 2207 hominum3
904 2122 1001 2187 talem
1025 2123 1112 2187 enim
1134 2121 1305 2209 generosi-

12 2235 105 2293 tatem
127 2228 178 2294 his
201 2230 401 2317 temporibus
424 2228 657 2311 monstrabant,
675 2227 761 2316 qued
776 2226 924 2293 umbram
946 2227 1111 2314 propriam
1126 2226 1307 2300 timuerint,

16 2344 48 2400 et
64 2335 103 2402 de
125 2357 188 2424 quo
218 2332 282 2399 illis
316 2334 448 2420 quidam
471 2335 505 2398 in
527 2332 703 2416 ludibrium
726 2341 758 2397 et
794 2330 1002 2397 afflictionem
1024 2331 1170 2397 notitiam
1193 2350 1306 2418 quam·

19 2438 85 2504 dam
116 2441 285 2519 dederunt,
299 2438 380 2503 illud
413 2438 549 2503 firmiter
577 2436 795 2518 erediderunt,
802 2435 999 2523 judicantes,
1033 2432 1118 2521 quod
1153 2432 1308 2502 exomni

21 2556 100 2628 parte
110 2545 220 2610 hostes
236 2551 347 2609 contra
370 2564 405 2608 se
420 2542 561 2624 veniant,
579 2550 611 2606 et
627 2564 669 2606 ex
684 2540 735 2606 his
751 2540 824 2604 talis
841 2540 874 2603 in
889 2538 954 2603 illis
969 2538 1029 2602 fuit
1044 2547 1156 2622 terror,
1165 2548 1210 2625 ut,
1227 2542 1307 2631 quid

24 2646 83 2729 sint,
98 2672 162 2714 non
179 2647 342 2713 sciverint
366 2645 502 2733 Saepius
528 2645 624 2710 etiarn
637 2645 708 2727 hoc,
723 2652 755 2709 et
771 2643 841 2708 aliis
858 2645 951 2708 annis
974 2641 1219 2729 proclamabant
1247 2668 1311 2735 per·

27 2753 174 2818 civitatem
186 2752 227 2817 de
240 2751 294 2817 die
309 2760 342 2816 et
364 2759 469 2832 noete,
482 2750 683 2827 mandantes,
706 2757 742 2814 ut
763 2749 805 2813 ad
828 2770 917 2813 arma
938 2748 1043 2834 parati
1066 2746 1139 2830 sint,
1164 2758 1196 2815 et
1216 2773 1306 2818 man-

28 2853 87 2922 dato
99 2858 183 2924 edito
195 2856 282 2943 apud
306 2856 428 2920 curiam
446 2855 569 2919 sistant.
601 2851 668 2918 Cur
690 2861 798 2917 autem
822 2851 895 2917 talis
917 2853 1014 2916 timor
1035 2851 1100 2917 illis
1122 2853 1309 2937 inhaeserit,

30 2981 109 3026 eausa
131 2962 215 3026 haec
227 2969 293 3045 est;
317 2961 394 3047 quia
416 2960 629 3024 communiter
647 2968 750 3024 terror
762 2957 888 3023 invadit
907 2955 1009 3035 illum,
1025 2958 1080 3045 qui
1101 2957 1207 3025 malae
1230 2984 1308 3027 eon·

31 3066 164 3131 scientiae
178 3072 236 3148 est,
249 3063 395 3151 adeoque
407 3064 538 3150 propria
551 3062 750 3127 conscientia
773 3061 844 3126 illos
862 3059 1077 3142 remordebat,
1091 3063 1166 3149 quia
1179 3062 1309 3131 fuerunt

31 3187 108 3234 musa
125 3169 204 3234 mali
226 3168 388 3255 principii,
412 3166 640 3254 aggredientes
663 3168 783 3254 injuste
806 3188 880 3230 suos
904 3165 1056 3230 concives
1078 3166 1159 3231 nihil
1182 3169 1307 3235 eisdem

31 3273 186 3357 probando,
210 3283 242 3339 et
264 3272 413 3360 qualibus
436 3272 575 3355 insidiis,
598 3274 631 3337 in
657 3271 774 3359 quibus
797 3270 944 3335 homines
968 3268 1095 3333 illarum
1117 3269 1222 3355 inscii,
1246 3296 1308 3340 nec

31 3394 118 3461 opere,
140 3400 249 3466 neque
273 3377 409 3442 consilio
428 3377 548 3464 juvare
570 3377 711 3441 invicem
734 3382 917 3463 potuerunt,
940 3372 1045 3437 donee
1067 3372 1117 3437 vis
1137 3373 1306 3444 adfuisset.

33 3475 217 3570 Quapropter
239 3480 439 3545 conscientia
462 3480 534 3545 talis
553 3482 623 3570 jam
647 3477 956 3565 dictaPragensium
980 3476 1121 3563 quietem
1138 3481 1308 3565 acquirere

32 3600 79 3649 mn
98 3586 210 3673 potuit,
234 3584 293 3651 sed
315 3584 413 3672 plena
446 3584 569 3650 malitia
603 3595 635 3650 et
656 3583 813 3673 injustitia
837 3580 1070 3671 effervescebat
1090 3580 1125 3644 in
1147 3580 1212 3647 illis
1235 3584 1307 3650 sine

32 3681 257 3772 intermissione,
280 3690 327 3754 ita
349 3688 436 3775 quod
458 3688 522 3754 illis
547 3690 699 3754 continuo
722 3688 916 3775 apparuerit,
952 3707 986 3749 se
1009 3682 1132 3750 habere
1155 3690 1304 3754 exomni

32 3802 102 3869 parte
123 3793 283 3875 inimicos,
306 3791 362 3857 ubi
386 3800 494 3857 tamen
518 3792 600 3858 nihil
621 3792 710 3857 reale
733 3789 802 3856 fuit.
847 3791 909 3855 Pro
944 3788 995 3853 his
1018 3788 1168 3855 omnibus
1191 3799 1302 3877 aptum

34 3909 68 3960 est
86 3901 209 3966 dictum
233 3909 264 3965 et
287 3901 448 3965 sententia
480 3896 648 3963 Ciceronis
678 3893 828 3959 inlibris
864 3894 904 3958 de
938 3892 1063 3976 officiis
1089 3893 1305 3960 ubidicitur:

32 4004 71 4082 qui
90 4009 242 4071 timentur
276 4004 316 4070 ab
348 4002 542 4083 hominibus,
568 4000 664 4065 otiam
687 3999 735 4062 illi
758 4022 776 4062 e
797 4006 909 4063 contra
930 3996 1004 4062 illos
1025 4000 1139 4064 timere
1163 3997 1305 4087 debent,

29 4098 149 4199 ideoque
172 4111 281 4176 statim
303 4132 322 4173 a
345 4108 505 4196 principio
529 4107 624 4193 hujus
642 4102 796 4169 tumultus
817 4101 1034 4188 impleverunt
1057 4103 1169 4169 ambas
1187 4104 1304 4187 curias,

28 4223 128 4301 tempe
163 4214 328 4302 Antiquae
352 4222 384 4277 et
404 4213 517 4278 Novae
542 4210 682 4276 civitatis
714 4206 870 4271 militibus
894 4205 1111 4293 stipendiariis
1131 4208 1166 4272 in
1188 4208 1308 4296 magno

25 4326 144 4385 numero
167 4321 203 4384 in
226 4327 319 4405 parte
342 4327 406 4383 tam
431 4317 599 4403 superiori,
623 4336 719 4400 quarn
743 4312 887 4377 inferiori
904 4336 959 4378 eos
975 4313 1190 4397 collocantes;
1214 4335 1309 4400 prae·

23 4420 100 4489 terea
120 4422 268 4511 qualibet
289 4431 385 4488 nocte
419 4422 549 4508 vigilias
572 4420 606 4483 in
628 4418 744 4506 plateis
778 4418 1023 4499 constituerunt,
1066 4420 1159 4504 quasi
1180 4413 1309 4483 obsidio

21 4526 155 4594 civitatis
178 4527 273 4611 foret,
296 4529 448 4593 timentes
471 4526 581 4592 follem
604 4524 751 4588 inflatum
773 4522 806 4585 in
819 4520 943 4606 grande
956 4520 1110 4585 damnum
1134 4523 1310 4587 communi.

18 4629 85 4698 tatis
106 4633 214 4720 hujus.
258 4632 346 4696 Dum
368 4634 479 4718 itaque
502 4652 544 4695 ex
567 4650 630 4693 nno
647 4628 883 4693 oblectamento
900 4622 1053 4713 (scilieet)
1070 4625 1104 4690 in
1127 4624 1309 4690 aliudruis·

18 4747 91 4824 sent,
114 4761 159 4807 ex
181 4736 322 4824 quadam
345 4737 478 4804 lieentia
501 4737 600 4822 regia,
625 4756 720 4821 quam
752 4753 786 4798 se
809 4728 963 4796 dicebant
984 4727 1107 4798 habere
1130 4729 1172 4796 ob
1197 4749 1309 4795 eorum

1038 4837 1078 4904 qa

91 4966 127 5047 ἕ
