2946 5086
1258 208 1322 301 ιιι
1386 243 1415 348 ¹·

68 415 183 497 uitum,
206 404 291 478 sicut
313 419 345 476 et
366 411 513 499 praelati,
542 433 581 476 ac
604 410 752 477 civitates
784 409 885 498 partis
908 406 969 475 sub
1005 428 1070 473 una
1092 407 1201 495 specie
1234 429 1322 474 com·

68 519 264 585 micantium
287 500 497 582 convenimus
520 523 552 580 et
574 514 859 596 concordavimus·
1292 507 1294 511 ¹

108 623 212 706 Item;
234 619 355 708 primo,
378 629 414 686 ut
435 627 633 709 compactata
654 621 689 685 in
713 617 770 686 suo
792 606 935 708 perfecto
960 640 1065 713 sensu,
1096 618 1135 683 in
1165 638 1223 684 sua
1244 616 1325 683 inte-

67 732 145 797 itate
181 738 213 794 et
234 720 446 815 perfectione,
466 728 536 791 sine
570 725 658 791 omni
675 722 936 803 contradictione
958 735 991 792 et
1022 725 1228 792 contentione
1247 732 1336 812 'pern
1398 742 1401 749 ’

68 843 199 912 meant3
223 843 258 898 ut
272 855 348 920 pars
370 840 506 918 utraque
526 833 561 896 in
582 830 698 925 ritibus
711 831 777 895 suis
800 838 831 894 et
862 830 1001 918 antiquis
1027 827 1325 915 consuetudinibus,

96 939 281 1026 sumptione
305 935 498 1003 sanctissimi
532 937 725 1002 sacramenti
762 936 905 1027 corporis
936 944 969 1000 et
996 935 1162 1023 sanguinis
1191 932 1329 1000 Domini

71 1045 131 1108 stri
155 1052 354 1131 permaneat,
333 1050 408 1109 tet
429 1065 506 1129 pars
528 1065 594 1108 una
608 1040 743 1107 alteram
765 1039 1064 1128 nonimpediatet
1085 1060 1161 1133 pars
1189 1046 1326 1124 utraque

82 1146 136 1213 his
160 1168 398 1230 conservemur,
421 1155 516 1234 prout
538 1167 624 1211 nunc
646 1133 831 1210 invenimur
868 1150 903 1210 ιι
924 1145 1048 1211 inventi
1077 1144 1196 1210 fuimus
1218 1163 1238 1206 a
1260 1138 1326 1207 Sua
1425 1130 1449 1185 Ῠ

68 1256 132 1340 gia
163 1252 334 1341 MaJ'estate
303 1251 498 1317 tdomino
531 1259 641 1318 nostro
675 1250 919 1337 gratiosissimo,
958 1251 1028 1316 sine
1062 1247 1206 1315 laesione
1240 1268 1326 1313 com·

68 1367 246 1426 ctatorum.

113 1463 219 1546 Item3
258 1481 330 1526 oum
368 1469 570 1550 compactata
589 1461 723 1531 facta
699 1467 763 1527 emt
784 1469 816 1526 et
849 1464 999 1549 suscepta
1030 1428 1162 1547 propter
1178 1427 1325 1522 inducti-

68 1592 125 1634 em
148 1562 243 1656 pacis
276 1570 312 1633 in
333 1589 469 1654 regnum
500 1574 531 1631 et
552 1565 775 1631 defensionem
808 1587 847 1631 ac
877 1553 1156 1631 conservationem
1183 1554 1325 1629 sanctae

68 1674 105 1738 ei
134 1673 340 1755 christianae,
377 1694 436 1737 nos
475 1691 585 1735 omnes
618 1669 729 1735 clerici
772 1677 805 1735 et
841 1669 1021 1737 saeculares
1054 1667 1149 1734 unius
1183 1673 1216 1732 et
1248 1660 1328 1730 alte·

68 1801 94 1843 ιι
117 1779 220 1867 partis
243 1779 328 1842 inter
349 1798 408 1840 nos
430 1775 550 1871 bonam
572 1776 735 1858 unionem,
769 1772 987 1858 concordiam,
1024 1775 1162 1860 gratiam
1195 1779 1227 1836 'et
1248 1764 1326 1840 cha·

68 1891 161 1949 atem
184 1881 392 1946 christianam
415 1880 575 1966 integram
607 1888 640 1945 et
661 1878 840 1969 perfectam
873 1877 995 1946 habere
1018 1885 1051 1943 et
1072 1880 1207 1946 servare,
1225 1871 1327 1941 volui·

68 2006 102 2052 us
132 1990 189 2070 ita,
224 1986 308 2051 sicut
341 1983 455 2049 dehis
491 1992 646 2050 tractatus
669 1985 793 2072 priores
831 1985 866 2048 in
898 1982 1016 2049 tabulis
1049 1976 1147 2070 regni
1179 1976 1328 2067 inscripti

68 2100 172 2157 rotant
208 2099 240 2154 et
262 2088 427 2170 exhibent,
447 2088 549 2164 ,inter
581 2092 640 2155 no's
675 2111 800 2155 errores
833 2091 868 2154 in
900 2086 1055 2156 damnum
1088 2095 1220 2154 sanctae
1250 2083 1329 2162 fidei

68 2198 231 2261 ristianae
253 2216 319 2259 non
342 2191 480 2258 tolerant
467 2201 525 2277 tes,
558 2216 620 2258 nec
642 2195 784 2260 invicem
805 2194 1037 2282 vituperantes,
1071 2192 1130 2259 sed
1150 2200 1186 2258 ut
1209 2190 1326 2256 fratres

91 2301 173 2367 boni
202 2300 311 2365 christ
290 2299 368 2365 trani
398 2306 433 2363 ut
436 2300 573 2389 rique
550 2322 610 2364 nos
632 2300 775 2366 invicem
805 2307 960 2383 amantes,
998 2307 1047 2371 ιι
1060 2307 1096 2365 ut
1116 2318 1212 2362 veros
1243 2293 1329 2377 filios

68 2413 164 2470 nctae
187 2398 362 2467 ecclesiae
368 2425 427 2467 nos
450 2382 664 2487 gerentes,ct
686 2426 744 2490 pro
765 2392 883 2468 iisdem
915 2425 975 2469 nos
996 2404 1244 2486 aestimantes,
1249 2395 1330 2466 ritus
1381 2422 1385 2431 ·

68 2519 161 2574 rteres
185 2510 220 2575 in
243 2507 362 2593 divinis
384 2507 520 2572 officiis
537 2515 568 2572 ιι
556 2507 748 2573 tsacrificio
770 2508 890 2574 missae
913 2496 1125 2576 communiter
1159 2500 1333 2573 consuetos

68 2637 103 2678 ne
124 2611 348 2677 immutatione
371 2621 611 2703 conservantes,
647 2623 679 2679 et
700 2598 781 2678 haec
803 2613 911 2690 omnia
932 2619 1077 2701 agentes,
1112 2611 1230 2707 quibus
1263 2633 1331 2699 pax

68 2726 146 2782 ncta
167 2696 255 2782 inter
278 2739 336 2781 nos
360 2714 569 2804 perseverare
603 2728 635 2785 et
656 2716 847 2808 permanere
870 2717 904 2797 in
925 2725 1082 2805 perpetua
1109 2717 1218 2785 futura
1250 2723 1334 2783 tem·.

68 2842 113 2887 ιιι
135 2829 255 2909 posset.

118 2926 217 3012 Item;
241 2927 407 2991 hocctiam
421 2930 506 2993 inter
525 2950 585 2992 nos
597 2927 804 3004 constitutum
825 2925 895 3005 fuit,
914 2934 953 2991 ut
967 2927 1196 3014 praecedentia
1216 2924 1329 3009 malas,

68 3031 85 3093 ti
104 3031 338 3113 contentiones
355 3030 584 3114 dissensiones,
608 3030 834 3118 oppressiones
850 3039 883 3095 et
903 3031 968 3096 alia
988 3031 1039 3097 his
1061 3031 1181 3103 'similia
1201 3041 1332 3098 antece·

68 3142 148 3198 enter
169 3134 300 3227 factast
317 3137 488 3200 commissa
498 3158 540 3201 ex
551 3144 687 3220 utraque
709 3142 800 3220 parte
819 3135 854 3198 in
875 3135 1064 3200 memoriam
1086 3135 1257 3202 nobisnon
1278 3159 1331 3207 re-

68 3261 198 3326 ocemus,
220 3230 283 3307 nec
299 3239 634 3322 eorumrccordemur,
659 3237 717 3307 scd
739 3235 872 3302 ecorde
896 3245 928 3302 et
949 3246 1058 3303 mente
1082 3240 1275 3321 emittamus,
1298 3224 1335 3307 et*
1427 3234 1430 3241 ’

68 3349 169 3433 traque
190 3368 267 3434 pars
289 3367 309 3409 a
331 3344 515 3411 moder'no
506 3368 541 3410 m
561 3343 669 3408 futura
690 3350 836 3449 tempora
858 3341 977 3407 similia
997 3365 1064 3409 non
1086 3342 1225 3431 amplius
1241 3369 1328 3412 com·

68 3449 220 3530 uanus,
244 3473 358 3517 verum
379 3450 486 3537 potius
509 3471 529 3514 a
550 3449 617 3514 Sua
638 3447 742 3532 Regia
763 3435 900 3533 Majesta
881 3454 941 3511 ιι
901 3428 1094 3513 tdomino
1124 3457 1234 3516 nostro
1256 3473 1329 3538 gru·

68 3551 208 3622 iosissimo
233 3563 510 3643 expectamus,·ut
474 3554 588 3620 Sua
598 3553 753 3641 MaJestas
762 3551 866 3637 Regra
887 3549 975 3639 apud
988 3551 1097 3618 sedem
1120 3540 1331 3643 apostolicam

68 3652 119 3724 lud
140 3670 309 3750 expetere,
327 3669 359 3725 et
391 3660 521 3726 efficere
543 3659 703 3746 dignetur,
742 3664 777 3751 ut
798 3656 883 3721 inter
904 3654 985 3721 alias
1018 3658 1132 3751 gentes
1152 3678 1211 3745 pro
1234 3656 1329 3745 bonis
1368 3718 1371 3723 ,

69 3756 218 3832 hristianis
256 3786 469 3854 agnoscamur
507 3774 540 3831 et
560 3765 774 3847 aestimemur,
812 3769 848 3827 ut
876 3761 946 3827 veri
983 3760 1042 3827 filii
1056 3771 1195 3834 ‘sanctae
1217 3753 1329 3831 matris

68 3867 203 3937 eclesiae.

123 3975 222 4060 Item3
247 3975 333 4063 quod
354 3972 463 4057 autem
485 3976 639 4050 ecclesias
663 3985 696 4042 ιι
716 3977 886 4064 parochias
909 3976 1085 4060 concernit,
1108 3972 1190 4043 haec
1212 3998 1324 4044 mane-

68 4083 99 4141 nt
114 4082 206 4169 juxta
226 4082 352 4168 priores
375 4089 527 4148 tractatus
550 4081 669 4148 tabulis
691 4082 785 4168 regni
806 4082 954 4148 insertos.
1200 4072 1203 4079 ’

125 4185 223 4272 Item5
258 4187 293 4250 in
315 4185 370 4251 his
389 4187 610 4269 convenimus,
633 4194 669 4251 ut
691 4185 850 4271 scriptura
873 4207 966 4252 sacra
988 4196 1020 4252 et
1040 4185 1176 4269 verbum
1198 4186 1264 4253 Dei
1286 4186 1328 4255 ob

68 4289 292 4360 :enervandam
322 4299 354 4355 et
389 4291 640 4357 confirmandam
674 4290 772 4356 fidem
806 4290 1011 4359 christianam
1034 4290 1239 4380 praedicetur
1259 4299 1328 4360 tan-

68 4407 109 4457 tm
138 4419 157 4462 a
188 4393 410 4462 sacerdotibus
447 4408 479 4462 et
501 4397 637 4479 clericis,
676 4419 749 4474 cum
782 4394 914 4462 licentia
949 4407 980 4461 et
1016 4395 1183 4462 voluntate
1219 4419 1328 4467 eorum

68 4501 263 4587 traslatorum,
296 4501 337 4568 ab
361 4501 532 4568 ordinariis
555 4503 716 4590 episcopis
737 4502 799 4566 rite
822 4500 989 4585 ordinatis,
1014 4501 1122 4567 'nullis
1143 4525 1221 4569 vero
1244 4503 1337 4588 aliis,-

68 4619 86 4664 u
109 4609 192 4677 nulla
227 4618 321 4701 parte
356 4607 507 4697 publicae
543 4607 715 4683 conciones
748 4603 970 4688 admittantur,
1013 4605 1134 4672 Verum
1172 4606 1328 4674 lectiones

68 4721 151 4781 acrae
172 4702 353 4802 scripturae
373 4711 494 4802 populo
530 4722 562 4779 et
587 4712 667 4800 piae
698 4707 924 4778 meditationes
961 4711 1003 4777 de
1018 4710 1186 4781 beneficiis
1207 4713 1338 4803 divinis·

749 4822 752 4828 '
885 4817 888 4824 ’
1093 4817 1113 4883 8
