2946 5086
137 159 188 239 dt)

145 356 209 423 que
231 332 274 400 ad
290 342 437 420 tempora
457 330 559 417 mults
579 331 701 419 elapsa,
712 329 795 400 nihil
816 331 851 397 in
871 330 923 399 his
934 330 1102 416 addentes,
1118 351 1180 399 nee
1199 330 1432 412 imminuentes,
1461 376 1469 413 2

136 439 336 528 ,praesertim
367 436 455 525 quod
487 435 605 503 attinet
627 434 760 502 missam
784 445 816 502 et
837 437 946 504 officia
978 437 1100 516 divina,
1128 459 1169 504 ac
1191 459 1324 505 sacram
1357 460 1433 504 com·

138 543 330 610 munionem
353 542 496 630 corporis
520 548 553 606 et
580 540 751 627 sanguinis
773 539 905 626 Christi,
941 565 1001 629 pro
1030 542 1175 627 senibus,
1193 541 1384 630 junioribus
1404 550 1432 607 et

142 645 322 713 infantibus
346 645 406 711 sub
434 653 571 732 utraque
604 645 724 731 specie,
749 645 833 711 siout
853 667 875 711 a
895 645 969 712 Deo
999 648 1222 734 omnipotente
1259 648 1435 712 institutum

141 748 227 834 ,fuit3
265 771 287 814 a
321 749 441 814 nostris
470 747 777 836 praedecessoribus
801 758 973 832 servatum,
991 750 1090 837 juxta
1112 749 1220 834 legem
1242 750 1310 815 Dei
1331 770 1436 838 appro-

144 851 257 929 batum
279 861 311 918 et
334 852 491 938 sangnine
512 860 691 940 martyrum
712 852 938 918 confirmatum
960 852 1031 920 fuit

230 954 332 1042 Item3
354 966 390 1022 ut
407 956 568 1044 parochos
591 965 623 1022 et
644 957 828 1023 sacerdotes
850 957 910 1022 hos
933 957 1101 1043 eligamus,
1140 964 1173 1022 et
1205 954 1288 1022 tales
1325 954 1366 1022 ab
1386 953 1436 1020 ad·

144 1058 363 1129 ministratore
392 1069 425 1126 et
454 1061 645 1127 consistorio
669 1070 870 1149 expetamus,
893 1063 950 1148 qui
969 1061 1113 1127 virtuose
1152 1068 1184 1125 et
1217 1059 1436 1148 exemplariter

145 1165 304 1248 viventes,
338 1186 397 1230 nos
430 1163 610 1251 aequaliter
632 1174 666 1230 et
685 1165 882 1230 unanimiter
904 1163 1044 1230 doceant
1066 1172 1099 1229 et
1120 1163 1280 1231 inducant
1300 1162 1343 1228 ad
1376 1185 1438 1228 ser-

145 1269 287 1336 vandam
308 1269 407 1335 fidem
430 1279 574 1334 sanctam
598 1267 817 1352 christianam,
841 1276 873 1334 et
893 1269 974 1334 ritus
996 1269 1172 1352 institutos,
1195 1268 1252 1355 qui
1286 1266 1352 1353 legi
1378 1267 1435 1332 Dei
1468 1325 1473 1328 .

146 1395 212 1441 non
233 1373 459 1440 adversantur.
535 1450 544 1460 ‚

158 1546 162 1551 ,
230 1477 329 1560 Item;
362 1498 421 1564 pro
455 1475 679 1542 conservanda
716 1477 801 1541 inter
833 1497 893 1541 nos
926 1475 1110 1559 concordia,
1132 1496 1224 1563 pace,
1266 1494 1377 1539 amore
1405 1479 1430 1537 st
1464 1537 1473 1550 ,

151 1577 1458 1666 mffimfflmmmmmMmmmmmmffimm,

151 1685 235 1751 siout
257 1707 346 1750 nunc
367 1686 535 1771 contingit,
557 1683 659 1750 laicos
683 1693 715 1750 et
735 1684 880 1767 clericos,
904 1687 960 1772 qui
982 1684 1089 1750 aliena
1112 1682 1267 1769 dogmata
1300 1705 1427 1752 assume·

145 1797 220 1873 rent
234 1797 266 1854 et
281 1798 457 1872 servarent,
473 1790 563 1877 atqui
584 1790 617 1853 in
635 1788 684 1855 his
699 1811 734 1854 se
757 1789 948 1873 stabilirent,
971 1798 1101 1877 praeter
1112 1788 1249 1873 antiqua
1261 1797 1425 1855 sanctorum
1449 1843 1450 1847 ,
1470 1836 1473 1864 ,

144 1891 327 1976 doctorum,
366 1900 432 1956 tam
454 1914 645 1978 graecorum
682 1915 779 1980 quam
816 1892 991 1959 latinorum
1029 1891 1070 1957 ab
1108 1886 1290 1958 universali
1327 1901 1419 1958 sancta
1471 1977 1473 1982 Δ

148 1995 326 2063 christiana
348 1996 488 2062 ecclesia
511 2005 685 2083 suscepta3
722 2018 761 2060 ac
793 2007 923 2083 praeter
955 1995 1232 2085 praedicationem
1255 2004 1419 2061 nostrorum
1456 1981 1469 2023 Ψ

143 2102 352 2186 antiquorum
373 2099 604 2182 Bohemorum,
641 2100 697 2184 qui
720 2099 879 2187 imprimis
908 2102 944 2165 in
965 2100 1037 2186 lege
1060 2100 1135 2182 Dei,
1174 2104 1207 2161 et
1241 2098 1371 2165 tandem
1397 2098 1419 2162 iu

146 2202 198 2269 his
221 2205 344 2270 sanctis
366 2203 553 2271 doctoribus
576 2203 787 2269 fundamenta
821 2225 880 2268 sua
910 2203 1034 2289 absque
1058 2199 1221 2268 erroribus
1263 2212 1296 2268 et
1327 2203 1420 2269 alienis

147 2308 394 2374 inventionibus
417 2307 609 2391 habuerunt,
633 2330 673 2373 ac
694 2306 964 2395 praedecessores
986 2315 1125 2391 nostros,
1150 2316 1183 2373 et
1203 2325 1264 2370 nos
1298 2307 1333 2370 in
1354 2304 1418 2371 veri·

149 2419 216 2477 tatc
238 2409 363 2478 Christi
385 2420 626 2495 conservarunt,
660 2420 693 2477 et
713 2413 748 2478 in
769 2412 915 2477 unanimi
949 2410 1024 2495 fide,
1058 2420 1090 2475 et
1112 2410 1258 2477 honestis
1281 2408 1418 2488 moribus,

148 2535 188 2582 ao
207 2515 382 2603 tranquilla
402 2538 484 2603 pace
515 2513 560 2603 (i)
583 2516 793 2580 retinuerunt.

233 2617 1418 2708 Rmmmwmmmmmmmmmmmmmmma

151 2723 240 2811 quod
262 2724 490 2790 conventicula
511 2722 729 2812 particularia,
753 2744 965 2809 quaecunque
999 2723 1035 2787 in
1056 2721 1137 2788 urbe
1158 2731 1287 2807 nostra,
1309 2719 1420 2811 publico

136 2827 206 2893 sel
228 2828 353 2893 occulte
375 2827 574 2894 instituenda
609 2827 781 2893 admittere
804 2828 956 2910 nolimus,
979 2835 1076 2914 prout
1108 2825 1165 2891 illa
1187 2824 1256 2891 Sua
1283 2825 1419 2914 Majestas

150 2931 256 3017 Regia
290 2931 427 3018 pridem,
451 2942 483 2997 et
513 2954 602 2997 nunc
624 2931 666 2997 de
697 2952 782 2998 novo
819 2931 1015 2997 interdicere
1040 2931 1176 3016 dignata
1209 2939 1260 2995 est
1274 2953 1284 3012 ;
1307 2932 1423 3016 insuper

147 3033 358 3120 prohibemus
391 3057 503 3100 omnes
524 3035 784 3124 praedicationes
818 3037 985 3121 laicorum,
1019 3045 1051 3101 et
1080 3035 1279 3120 divinorumj
1305 3031 1422 3101 admini-

151 3137 333 3221 strationes,
356 3138 443 3226 quod
467 3140 565 3204 otiam
588 3139 799 3226 prohibemus
816 3141 954 3223 clericis,
978 3140 1034 3226 qui
1047 3139 1124 3209 talia
1134 3148 1266 3226 praeter
1277 3141 1424 3226 antiquam

149 3241 420 3309 consuetudinem
443 3265 542 3330 agere
565 3243 696 3310 vellent

232 3344 315 3413 Item
337 3349 560 3413 consensimus
598 3359 629 3414 et
650 3347 809 3431 volumus,
842 3357 878 3412 ut
900 3370 1012 3414 omnes
1045 3348 1131 3431 laici,
1170 3347 1227 3436 qui
1259 3349 1344 3415 inter
1374 3367 1420 3411 uos

149 3449 297 3517 habitare
319 3459 352 3515 et
367 3453 445 3538 jure
467 3452 556 3518 civili
578 3453 651 3537 frui,
687 3476 726 3520 ao
749 3476 785 3518 se
808 3453 895 3519 alere
918 3453 1062 3541 cupiunt,
1100 3461 1248 3540 tempore
1272 3474 1332 3519 suo
1353 3459 1418 3516 sata·

149 3562 239 3641 gant,
260 3563 296 3620 ut
318 3577 436 3643 corpus
460 3567 493 3622 et
504 3559 697 3644 sanguinem
709 3557 832 3624 Christi
843 3558 978 3624 Domini
1006 3567 1143 3640 sumant,
1167 3557 1309 3623 etfidem
1332 3575 1423 3622 coram

149 3657 331 3725 rectoribus
353 3661 421 3725 suis
443 3661 668 3749 profiteantur,
692 3663 776 3728 siout
797 3662 878 3728 alias
901 3670 1091 3728 consuetum
1114 3661 1185 3746 fuit,
1209 3663 1320 3731 nullus
1344 3665 1423 3730 eham

151 3760 250 3833 fidem
273 3785 365 3829 suam
386 3764 535 3848 occidtet,
558 3765 759 3853 sedpublica
782 3788 891 3832 coram
913 3766 1057 3854 parocho
1080 3765 1280 3854 profiteatur.

232 3865 333 3951 Item3
356 3867 516 3954 volumus,
538 3893 581 3936 ne
603 3879 737 3958 peccata
770 3870 919 3936 mortalia
942 3880 974 3937 et
997 3870 1130 3959 publica
1152 3870 1347 3957 tolerentnr;
1367 3869 1423 3935 dies
1449 3901 1453 3905 ·

148 3967 1422 4063 mmmmmmmmmffimmmmwmammbffide

148 4071 225 4137 data
248 4074 472 4154 observentur,
507 4078 591 4143 siout
622 4077 726 4161 decet,
764 4079 888 4166 absque
911 4088 1119 4166 contemptu;
1144 4078 1199 4165 qui
1222 4071 1332 4144 autem
1351 4070 1418 4143 illud

148 4176 332 4262 petulanter
354 4181 549 4265 transgressi
571 4181 700 4266 fuerint,
724 4186 910 4273 puniantur,
928 4185 1027 4272 juxta
1049 4182 1250 4270 agnitionem
1264 4183 1341 4249 fidei
1349 4199 1417 4256 suae,

150 4301 191 4345 ne
214 4281 483 4370 exprobrationes
505 4307 526 4350 a
548 4289 695 4354 sectariis
718 4288 815 4374 hujus
838 4311 937 4356 causa
958 4287 1146 4354 habeamus.

157 4382 1473 4482 .Qmfflffmmmffiffiffifflmmwmfflmmw„

150 4492 341 4576 temporum,
365 4491 437 4558 dies
461 4491 631 4582 Sabbathi,
654 4497 825 4584 adventus,
849 4509 881 4564 et
904 4499 1118 4586 quadraginta
1133 4495 1204 4562 dies
1217 4493 1416 4570 antePasoho,
1468 4465 1473 4567 i

150 4587 221 4655 dies
242 4595 445 4677 rogationum
467 4604 908 4689 temperanterobserventur
931 4605 1000 4669 sine
1023 4625 1081 4668 esu
1103 4601 1261 4688 carnium,
1296 4604 1373 4668 sicut
1395 4598 1418 4662 ir

149 4692 212 4772 1²00
234 4714 346 4782 regno,
383 4711 415 4768 et
444 4705 576 4774 civitate
597 4707 659 4777 hac
681 4711 723 4785 ab
745 4712 887 4800 antiquis
911 4706 1109 4796 temporibus
1132 4715 1298 4776 servatum
1318 4706 1381 4786 fuit,
1398 4705 1419 4766 tl
