2946 5086
115 198 177 276 trs

111 394 223 446 omnes
255 377 474 445 dissensiones
506 384 562 443 aut
593 380 810 446 transactione
838 380 892 447 vel
920 381 1013 470 justo
1043 378 1170 469 judicio
1191 380 1294 447 finem
1327 378 1406 447 obti-

110 484 248 568 nuerint,
271 483 357 551 etin
379 482 430 549 his
450 503 509 548 vos
531 481 713 549 omnimode
735 485 843 573 quiete
864 486 994 573 geretis.
1016 485 1160 577 Ideoque
1171 485 1275 554 vobis·
1293 486 1403 552 stricto

111 589 312 673 mandamus,
336 597 369 654 et
388 588 435 654 ita
456 587 577 654 habere
598 587 757 674 volumus,
778 598 814 656 ut
834 598 971 680 utraque
992 613 1068 680 pars
1092 593 1192 681 juxta
1211 591 1277 658 hoc
1313 589 1400 656 Nos·

110 703 195 761 trum
224 691 412 760 mandatum
441 690 484 757 ad
511 692 654 758 invicem
675 714 734 771 vos
763 694 884 780 geratis
916 703 953 760 ιιι
982 693 1086 780 decet,
1109 695 1206 777 aliter
1227 718 1295 764 non
1314 695 1394 762 iaci·

111 808 213 883 entes,
249 798 310 865 sub
343 798 518 864 evitatione
552 795 786 883 indignationis
820 807 853 866 et
881 798 1057 888 disgratiae
1085 800 1235 869 Nostrae.
1279 801 1393 873 Datum

12 900 19 913 ’
109 904 223 971 Budas
244 924 330 970 anno
353 900 471 985 etdie,
494 909 649 990 utsupra
671 902 834 970 scribitur.
1253 908 1256 913 '

1076 1009 1265 1078 Ludovicus
1288 1031 1356 1077 rex.

195 1110 352 1192 Quamvis
362 1130 440 1175 vero
453 1117 582 1175 senatrs
593 1109 774 1195 Pragenses
788 1110 824 1175 in
837 1108 888 1178 his
897 1112 1095 1181 voluntatem
1111 1115 1237 1203 regiam
1248 1112 1390 1203 adimple

109 1215 224 1300 verint,
258 1215 344 1304 quod
360 1215 609 1281 convocaverint
626 1215 887 1282 communitatem
920 1217 975 1284 die
995 1219 1171 1286 Dominioa
1191 1219 1268 1308 po'st
1289 1216 1386 1286 Sancti

109 1319 294 1388 Wenceslai
301 1319 443 1410 (1.0ct.)
455 1321 540 1386 diem
562 1318 604 1385 ad
623 1317 794 1406 collegium
808 1342 971 1409 magnum,
982 1322 1092 1391 literas
1104 1332 1214 1391 tamen
1225 1324 1335 1412 regias
1353 1343 1388 1388 se

110 1424 249 1491 cundum
265 1425 452 1492 mandatum
474 1425 561 1511 regis
584 1426 806 1492 communitati
826 1426 869 1493 ad
889 1427 1123 1517 perlegendum
1144 1452 1207 1496 aon
1223 1426 1385 1495 communi·

109 1539 274 1615 caverunt,
291 1530 348 1596 sed
366 1530 426 1596 snb
441 1529 579 1619 quodam
588 1532 661 1598 velo
676 1531 741 1598 illie
755 1531 854 1601 locuti
866 1542 950 1618 eunt,
969 1533 1183 1601 obcaecantes
1200 1532 1276 1600 illos
1288 1532 1386 1622 primis

108 1636 210 1703 literis
231 1634 341 1722 regiis,
362 1636 397 1700 in
419 1634 536 1722 quibus
557 1638 605 1702 eie
625 1659 687 1704 rex
708 1638 873 1706 licentiam
906 1638 1043 1705 contulit
1077 1637 1120 1703 ad
1155 1647 1267 1705 c'orum
1288 1636 1388 1703 falsam

108 1741 216 1807 datam
226 1740 382 1822 notitiam,
393 1738 540 1805 nolentes
562 1737 669 1807 locum
704 1730 783 1809 dare
818 1742 942 1808 ultimis
964 1742 1071 1831 literis
1088 1744 1199 1829 regiis,
1227 1743 1321 1831 qnasi
1339 1761 1388 1806 rex

108 1845 161 1912 his
170 1847 205 1911 in
216 1844 313 1911 rebus
323 1852 516 1932 potestatem
526 1867 591 1911 non
603 1845 748 1931 haberet,
761 1867 844 1935 quae
856 1849 903 1912 eis
915 1848 1006 1935 priu's
1018 1847 1240 1935 mansscripsit
1253 1844 1388 1934 (credens

109 1949 284 2016 eorundem
301 1948 403 2015 falsae
420 1949 648 2035 informationi,
661 1960 694 2017 et
713 1950 885 2017 admittens
904 1954 952 2018 cie
967 1953 1075 2025 omnia
1085 1951 1251 2039 illa-quae
1262 1952 1311 2018 illi
1321 1951 1388 2017 noti·

106 2052 297 2143 ficaverunt)
309 2053 509 2137 immutandi,
525 2062 558 2119 et
572 2056 732 2121 contraria
743 2055 896 2121 mandata
908 2054 1017 2121 dandi.
1032 2055 1102 2121 Imo
1115 2053 1389 2147 magisterPassek

108 2158 190 2225 haee
201 2157 267 2224 illis
278 2158 452 2247 proposuit,
467 2157 554 2245 quod
575 2158 653 2224 dum
673 2168 748 2248 post
758 2162 932 2248 praeterita
947 2160 1038 2226 festa
1046 2159 1219 2226 Paschalia
1230 2172 1304 2227 cum
1316 2160 1389 2248 prin·

111 2265 183 2352 cipe
218 2273 250 2329 et
278 2263 351 2329 aliis
384 2261 542 2349 ablegatis
576 2263 690 2336 Budas
712 2264 746 2331 in
770 2263 977 2354 expeditione
1001 2265 1125 2348 fuisset,
1148 2262 1251 2354 quod'
1266 2254 1403 2355 eundem

107 2390 168 2434 rex
200 2389 270 2433 cnm
305 2367 372 2432 suis
405 2368 564 2433 consociis
595 2369 642 2434 ita
674 2368 833 2435 allocutus
862 2368 1089 2457 institutae
1112 2368 1292 2435 secundum
1320 2366 1390 2434 alias

108 2472 229 2556 literas,
268 2471 509 2560 qualescunque
545 2471 611 2537 illis
650 2472 826 2557 tradantur,
871 2471 1016 2559 exeeptis
1048 2474 1162 2560 primis
1195 2473 1299 2540 literis
1335 2492 1391 2537 non

108 2577 259 2665 dirigant,
297 2575 359 2642 hoc
390 2598 468 2643 vero
490 2576 629 2666 probare
651 2598 716 2643 non
736 2578 848 2667 potuit.
892 2576 996 2642 Simul
1025 2577 1235 2664 relegationis
1270 2575 1390 2644 manda

107 2690 175 2747 tum
210 2681 337 2767 regium
373 2689 486 2747 contra
517 2681 736 2748 incarceratos
771 2683 804 2747 in
846 2681 1003 2748 auxilium
1041 2682 1186 2768 sumpsit,
1210 2690 1244 2747 et
1276 2683 1322 2748 ita
1348 2680 1390 2745 his

106 2783 350 2879 confirmabant,
373 2784 459 2873 quod
480 2785 583 2852 verba
615 2787 703 2874 regis
725 2785 874 2852 rovocari
895 2807 961 2851 non
972 2784 1123 2868 debeant,
1144 2786 1238 2875 quasi
1263 2786 1299 2851 in
1312 2785 1389 2851 simi·

107 2889 193 2956 libus
216 2888 382 2956 dominum
405 2912 498 2957 enum
521 2891 685 2979 corrigere
707 2890 839 2975 vellent,
863 2912 943 2979 quas
965 2899 1072 2956 tamen
1096 2889 1208 2955 literas
1230 2912 1292 2957 rex
1320 2912 1391 2955 nun·

107 3016 204 3081 quam
214 3017 273 3082 pro
295 2994 495 3082 relegatione
513 2995 633 3084 juditio
656 2997 870 3063 determinata
891 2996 1083 3078 aestimavit,
1116 3016 1181 3060 nec
1213 2995 1391 3076 nominavit,

108 3099 279 3165 sedsolum
290 3100 477 3167 mandatum
500 3123 598 3189 snper
611 3100 727 3167 falsam
749 3099 1009 3167 informationem
1030 3101 1132 3188 partis
1155 3100 1263 3166 unius.
1286 3100 1348 3165 Hie
1367 3104 1394 3163 et

106 3202 366 3272 aliismendaciis
382 3214 511 3272 senatus
523 3204 645 3272 velavit
658 3204 778 3271 malum
801 3226 895 3293 suum
916 3205 1076 3270 intentum
1088 3212 1121 3271 et
1142 3204 1391 3271 inobedientiam

107 3328 185 3397 erga
216 3331 327 3397 regem
361 3294 528 3376 dominum
550 3332 653 3394 suum,
691 3319 724 3376 et
744 3310 780 3375 in
801 3308 852 3374 hie
886 3308 1147 3387 communitatem
1179 3308 1392 3392 firmaverunt,

109 3422 145 3480 ut
168 3414 288 3480 similia
317 3436 446 3503 semper
480 3415 711 3499 annihilentur,
747 3416 858 3502 itaque
879 3415 977 3481 etiam
1000 3414 1059 3480 hae
1092 3412 1205 3481 literas
1226 3414 1335 3503 regias
1365 3414 1395 3479 in

106 3517 245 3586 nihilum
268 3527 507 3588 converterunt.

655 3711 802 3780 CAPUT
824 3712 854 3777 2.

105 3887 166 3956 Ubi
187 3885 328 3953 scribitur
351 3889 387 3952 de
411 3890 535 3952 comitiis
557 3911 576 3951 a
597 3910 667 3969 rege
688 3891 843 3952 Ludovico
867 3886 975 3951 Colinii
996 3886 1153 3975 institutis,
1177 3891 1216 3951 ad
1239 3912 1317 3972 qnae
1337 3911 1392 3954 om·

105 3999 159 4042 nee
182 3980 357 4054 citabantur,
380 3988 505 4059 excepto
527 3978 648 4040 domino
679 3978 754 4038 Lew
776 3987 805 4038 et
826 3978 1052 4059 Pragensibus3
1075 3978 1212 4038 dominus
1250 3982 1327 4041 Lew
1348 3998 1393 4039 au·

103 4076 164 4127 tem
196 4077 226 4128 ot
255 4066 424 4145 Pragenses
457 4069 489 4127 in
521 4066 668 4128 montibus
692 4063 799 4125 Outnis
834 4065 997 4125 existentes
1031 4066 1166 4125 nuntium
1207 4068 1248 4127 ad
1281 4065 1394 4128 comitia

105 4155 252 4216 miserunt
274 4163 302 4213 et
324 4156 464 4216 molestas
487 4174 557 4214 snas
578 4152 755 4230 gravedines
770 4161 997 4232 proposuerunt,
1028 4153 1119 4213 etiam
1134 4153 1250 4214 domini
1265 4152 1396 4214 Oaahcra

105 4243 262 4304 conciones
285 4250 523 4304 commemorant.
566 4241 643 4300 Item
673 4241 710 4299 de
750 4241 878 4315 quodam
911 4239 1016 4303 Duick
1048 4248 1223 4317 mercatore,
1257 4242 1311 4318 qui
1344 4237 1394 4300 eibi

103 4329 163 4408 ipsi
184 4330 277 4390 vitam
309 4330 423 4391 ademit
445 4337 527 4390 etse
549 4327 713 4406 suspendit,
736 4335 766 4386 et
788 4344 863 4402 quac
898 4336 966 4406 poet
998 4335 1124 4405 mortem
1161 4347 1235 4388 cum
1267 4328 1394 4407 ejusden

563 4433 687 4494 corpore
716 4413 796 4474 lacta
818 4413 937 4477 inerint.

186 4566 276 4632 Dum
291 4564 493 4634 haecomnia
508 4567 635 4633 silentio
645 4566 898 4656 praeteriissent,
910 4589 971 4632 rex
981 4566 1121 4632 instituit
1133 4573 1393 4632 conventum-sen

103 4670 234 4737 comitia
255 4671 403 4738 omnibns
426 4671 563 4738 statibus
585 4671 806 4738 saecularibus
830 4673 924 4759 regni
945 4671 1122 4736 Bobcrniae
1160 4669 1223 4737 die·
1246 4666 1395 4749 Mercurii

85 4780 168 4842 ante
194 4772 286 4845 diem
313 4774 348 4849 S.
369 4774 507 4849 Martini
529 4774 787 4868 (dliculbuius
805 4777 886 4845 anni
909 4775 994 4845 1525
1015 4774 1136 4846 Colinii
1158 4796 1263 4864 supra·
1279 4776 1394 4857 Albin,
