2946 5086
1337 118 1401 190 289

1361 311 1401 351 a.

661 343 768 435 Capul
803 349 855 416 23.
1342 311 1394 362 pg

87 438 141 495 Ubi
159 447 277 506 notatur,
296 438 367 508 quod
402 439 516 492 lemures
551 436 678 500 nocturni,
696 437 769 500 quasi
788 434 905 489 homines
923 441 1013 493 armati
1031 441 1227 496 obambulantes
1244 445 1326 512 judici

128 510 226 565 Burzilx
256 524 286 563 se
306 508 526 569 monstraverint3
545 513 571 557 et
602 504 673 571 quod
692 503 879 562 baccalaureus
897 506 929 559 ab
948 509 1016 561 Albo
1044 510 1131 564 Leone
1150 513 1221 579 apud
1238 530 1328 585 regem

129 581 225 650 egerit,
243 587 272 633 ut
291 576 451 631 Pickbartae
471 573 641 643 expellantur,
662 580 688 624 et
705 571 767 623 dum
785 574 935 649 redimeret,
954 580 1072 632 nuntium
1090 583 1199 636 attulit.
1235 627 1242 640 .
1279 621 1286 637 .
1322 627 1329 642 .
1363 587 1397 643 63

660 638 767 727 Caput
793 640 847 710 24.

99 731 158 800 an
178 730 438 803 notnntnrartioulia
455 736 509 782 tota
527 729 712 782 communitate
731 728 819 795 electi,
839 738 865 784 et
883 738 1022 809 acceptati,
1040 744 1067 790 ut
1085 753 1133 806 pro
1152 739 1244 796 futuris
1258 750 1324 797 tem·

129 803 238 872 poribus
258 808 407 866 serventur,
428 805 455 855 el
472 806 533 852 sunl
551 798 641 868 viginti
661 797 712 850 dito
765 833 1330 868 ..............
1365 813 1399 868 69

664 863 771 953 Caput
792 865 846 933 25.

99 954 149 1011 llbi
172 957 232 1014 finis
251 957 418 1016 articulorum
436 955 542 1025 ponitur
590 990 1327 1025 ··················
1363 967 1397 1023 71

661 1019 768 1110 Caput
791 1024 843 1090 26.

100 1107 125 1167 ¹¹¹
144 1131 198 1183 <11¹⁰
217 1108 310 1185 *Siluii
328 1111 460 1183 llu⁰m⁶d⁰
478 1109 623 1178 Pfflssffiffl
640 1115 701 1176 P⁰⁸t
719 1110 871 1165 conclusum
888 1112 980 1168 borum
998 1115 1164 1172 articulorum
1184 1137 1243 1173 cum
1263 1125 1325 1177 civi·

129 1184 179 1237 bus
198 1188 252 1237 suis
271 1186 381 1254 egerint,
401 1180 461 1233 dum
479 1179 563 1232 bonos
582 1184 608 1229 et
625 1177 749 1245 pacificos
766 1179 884 1237 homiues
910 1185 1066 1259 afflixerunt,
1094 1191 1130 1241 ita
1158 1191 1227 1259 qnod
1257 1209 1323 1245 unu,

131 1254 206 1307 alleri
224 1253 307 1308 libere
325 1251 398 1320 loqui
416 1265 468 1302 uon
486 1249 519 1302 sit
536 1261 613 1299 ausus
673 1284 1322 1316 ................
1358 1260 1393 1316 73

653 1312 760 1404 caput
788 1316 840 1386 27.

100 1399 147 1460 libi
167 1413 279 1474 notatur,
311 1405 382 1476 quod
400 1404 530 1474 quaedam
561 1399 654 1453 mulier
671 1405 793 1471 petiverit
822 1412 841 1458 a'
856 1407 972 1474 parocho
989 1408 1014 1464 S.
1045 1409 1154 1480 Nicolni,
1174 1422 1201 1467 ut
1218 1425 1277 1483 post
1294 1417 1321 1469 in

128 1478 260 1530 concione
279 1485 336 1530 oret
354 1484 381 1528 et
398 1475 466 1527 orari
481 1473 573 1540 jubeat
590 1470 623 1522 ad
641 1469 724 1524 ileum
743 1474 949 1544 omnipotentem
973 1495 1021 1546 pro
1040 1483 1159 1549 captivis,
1185 1492 1211 1536 et
1228 1488 1323 1551 perin-

127 1545 164 1598 de
183 1549 315 1614 augustias
342 1559 420 1613 passa
448 1542 534 1596 fuerit.
570 1537 633 1592 item
652 1540 685 1592 de
704 1540 774 1595 bono
805 1543 929 1614 (scilicet)
950 1546 1101 1618 christiano,
1131 1559 1157 1604 et
1174 1551 1320 1620 Piclxbarta,

127 1617 175 1683 qui
194 1630 283 1667 coram
299 1615 389 1682 judice
408 1611 603 1664 contenderunt.
627 1607 699 1661 item
719 1613 851 1679 quomodo
866 1611 1010 1685 Pragenaes
1030 1627 1055 1671 et
1083 1619 1320 1685 paruo-Partenses

128 1686 205 1738 cives
223 1700 286 1738 suos
305 1683 441 1737 afflixerint
459 1715 1320 1746 .....................
1355 1692 1389 1748 75

652 1744 759 1835 Caput
780 1749 832 1817 28.

81 1833 141 1894 Ubi
160 1840 247 1908 agitur
265 1839 298 1892 de
317 1837 407 1891 dolosa
426 1842 453 1889 et
469 1831 754 1912 improbabilioccultu
772 1838 865 1906 culpae
884 1837 1017 1894 delatione
1034 1859 1049 1896 a
1068 1843 1242 1913 pragensibus
1262 1846 1316 1898 iac*

123 1917 161 1970 ta,
181 1917 272 1965 contra
299 1910 477 1960 incarceratos
496 1909 523 1956 et
550 1902 623 1955 abire
638 1918 740 1969 Juss0s3
759 1906 862 1960 tandem
890 1906 923 1959 de
942 1909 1099 1968 refutatione
1118 1922 1145 1967 et
1162 1917 1316 1984 purgatione

120 1978 236 2045 illorum,
256 1975 383 2046 ,paoem“
402 1974 500 2027 dicit·
538 2009 545 2024 ·
579 2012 587 2028 ·
624 2009 630 2024 ·
664 1996 667 2001 ·
667 2008 1315 2040 ................
1350 1985 1385 2039 77

627 2039 751 2130 Ὀαριιτ
782 2044 833 2112 29.
879 2070 883 2078 ¹

75 2129 137 2190 Ubi
157 2139 278 2187 notantur
295 2131 425 2201 propositi
443 2128 610 2198 Progenainm
630 2143 717 2183 coram
736 2132 855 2202 principa
875 2141 965 2191 contra
983 2137 1101 2204 captivos
1111 2139 1211 2191 articuli
1230 2142 1256 2194 in
1269 2155 1311 2194 or-

122 2205 198 2275 dine,
215 2211 243 2255 nt
260 2202 378 2272 sequitur
412 2233 1315 2267 .....................
1350 2207 1384 2263 79

80 2359 192 2416 Finitur
206 2360 355 2431 propositio
373 2357 539 2414 articulorum
557 2373 573 2408 a
591 2264 877 2412 chtifflgtflgsgibus
895 2360 1144 2418 contral’iclshartas
1181 2406 1186 2418 .
1222 2409 1229 2421 .
1265 2407 1271 2421 .
1306 2408 1313 2422 .
1349 2367 1383 2423 81

650 2419 756 2511 Oaput
787 2427 840 2495 31.

83 2522 115 2576 Iu
135 2532 188 2586 quo
202 2518 310 2639 ponitur
328 2530 482 2584 responsum
500 2514 729 2578 incarceratorum,
748 2513 781 2565 ad
794 2514 950 2570 delationem
960 2516 1127 2588 Prageusium
1139 2533 1227 2573 coram
1240 2522 1314 2589 prin-

220 2594 298 2657 atum,
317 2593 344 2641 et
361 2583 493 2655 quomodo
513 2598 571 2635 cum
589 2578 641 2636 illis
653 2580 827 2718 (ijmmzmiff
846 2589 1022 2655 processerint
1046 2626 1311 2646 .......
1347 2589 1382 2648 84

87 2740 140 2797 libi
157 2757 312 2811 responsum
330 2741 551 2799 incarceratorum
569 2655 854 2876 supereugibluilogzper
873 2743 991 2796 ordinem
1010 2742 1123 2796 refertur
1150 2785 1329 2800 .....
1347 2745 1383 2801 87

87 2897 145 2964 Quo
164 2912 318 2970 responsum
335 2907 424 2954 contra
442 2894 588 2967 Pragenses
607 2818 828 2951 ismaeliticum
846 2901 934 2955 linitur
960 2939 1312 2958 .........
1346 2902 1381 2957 90

651 2959 759 3052 Caput
779 2969 831 3034 34.

87 3046 137 3108 ilbi
153 3054 301 3110 referuntur
309 3070 435 3124 responsa
443 3055 548 3123 propria
566 3049 672 3107 loannis
689 3053 794 3107 iilawsa
813 3063 840 3109 et
858 3056 958 3110 Nicolui
976 3055 1082 3112 sonoro
1090 3073 1097 3120 ;
1116 3059 1178 3110 item
1196 3057 1308 3127 Pragen·

120 3125 187 3178 aium
205 3141 294 3179 eoram
311 3126 430 3195 principe
448 3124 549 3193 prolata
575 3158 1310 3184 ..................
1345 3126 1379 3181 92

638 3190 745 3279 Capul
776 3194 828 3259 35.

90 3275 186 3348 loquo
200 3281 319 3402 ponitur,
337 3280 469 3351 quomodo
487 3280 665 3350 unusquisque
683 3279 785 3332 illorum
803 3281 1020 3338 incarceratorum
1038 3287 1064 3338 in
1082 3299 1191 3353 persona
1204 3282 1308 3351 propria

121 3350 287 3420 singunriter
305 3352 481 3403 innocentiam
499 3366 570 3404 suam
599 3351 771 3402 insinuaverit
789 3357 815 3401 et
849 3353 990 3415 robaverit,
1010 3355 1155 3407 attendam
1186 3352 1306 3421 qualiter,

95 3432 98 3441 ·
119 3427 215 3488 atquo
234 3433 313 3472 seusu
330 3419 539 3472 informationem
557 3434 629 3471 snam
658 3418 810 3471 claudentes
827 3368 965 3492 intrarint,
984 3423 1059 3477 siruul
1078 3426 1156 3477 etiam
1175 3418 1307 3492 quomodo

120 3489 187 3558 regi,
206 3488 320 3558 principi
338 3497 365 3545 et
382 3488 509 3558 ablegatis
527 3489 622 3559 gratias
648 3487 751 3554 egerint
784 3525 1306 3548 ,,,,,,,,,,,,,
1341 3489 1376 3545 95

646 3554 752 3642 Caput
773 3558 826 3624 36.

88 3636 133 3701 Ubi
151 3650 265 3710 notatur,
285 3641 356 3713 quod
373 3641 506 3710 quaelibet
524 3659 583 3711 pura
601 3643 721 3714 adversa,
739 3646 868 3698 actionem
886 3659 933 3699 seu
952 3660 1057 3700 causam
1075 3662 1147 3700 sunm
1166 3648 1303 3714 couscrip-

114 3722 169 3768 tam
187 3713 301 3782 principi
318 3713 464 3780 porrexerit
487 3749 1303 3776 ....................
1338 3714 1373 3770 97

643 3782 751 3869 Caput
771 3785 824 3851 37.

83 3859 132 3922 libi
150 3868 273 3936 refertur,
293 3868 364 3937 qnod
382 3869 477 3937 captivi
494 3867 612 3923 absoluto
638 3871 689 3923 boc
713 3886 834 3924 sermone
852 3869 886 3922 ad
904 3885 1023 3923 carceres
1050 3869 1135 3924 denno
1153 3873 1302 3946 redivcrint,

113 3941 240 4007 princeps
258 3945 343 3991 antem
362 3939 518 4006 suspiciens,
536 3936 569 3989 ab
582 3946 690 4008 utraque
709 3949 782 4009 parte
795 3940 890 4006 scripta
910 3939 995 3991 eidem
1008 3950 1126 4005 porrecta
1138 3943 1230 3994 eadem
1246 3947 1303 4014 regi

113 4009 296 4061 transmiserit.
325 4006 423 4058 Postea
441 4007 541 4060 Passala
559 4010 674 4075 qnotidie
698 4010 780 4062 aniles
805 4024 888 4077 nugas
908 4017 934 4059 et
952 4007 1055 4060 iabulas·
1070 4009 1103 4060 ad
1121 4020 1238 4063 senatum
1257 4016 1303 4064 in-

112 4077 214 4144 ferens,
241 4085 340 4146 partem
358 4091 435 4127 unam
462 4085 551 4129 contra
578 4076 683 4130 alteram
708 4079 843 4149 instigans,
873 4076 917 4128 ubi
935 4075 983 4128 sub
1008 4079 1097 4142 specie
1124 4079 1186 4130 fidei
1214 4090 1303 4134 contra

111 4147 230 4199 invicem
249 4144 375 4216 agebant3
394 4152 420 4198 et
439 4145 531 4213 quales
544 4144 609 4210 justi
634 4145 788 4199 afflictiones
807 4154 832 4199 et
850 4147 1046 4214 persecutiones
1069 4148 1197 4199 sustinere
1216 4150 1302 4202 debu-

113 4216 192 4281 erint,
211 4215 308 4270 inutilia
327 4229 390 4268 acro
410 4213 506 4268 diaboli
523 4215 549 4266 in
569 4217 657 4281 quiete
675 4217 846 4284 permanserit
864 4252 1300 4274 ...........
1320 4219 1371 4281 100

639 4283 745 4372 Caput
766 4284 819 4351 38.

72 4358 129 4424 ilbi
147 4375 303 4436 continetur,
323 4371 455 4440 quomodo
471 4369 673 4424 rexbudovicus
686 4373 796 4441 principi
814 4379 841 4425 et
852 4369 1025 4441 Prageusibus
1041 4370 1129 4424 literas
1144 4388 1202 4424 cum
1213 4373 1299 4426 edicto

113 4449 205 4494 contra
223 4443 399 4495 incarceratos
416 4441 579 4507 transmittat,
598 4448 624 4492 et
640 4440 719 4493 iidem
737 4443 891 4494 incarcerati
908 4443 974 4493 intra
991 4441 1102 4508 spatium
1119 4443 1197 4495 trium
1215 4446 1298 4510 septi-

114 4526 247 4566 manarum
266 4517 326 4579 post
342 4510 448 4568 traditus
466 4509 512 4564 bas
530 4509 618 4564 literas
636 4525 669 4564 ox
687 4511 792 4568 civitate
810 4510 939 4566 excedere
957 4509 1096 4566 debuerint
1121 4549 1298 4568 .....
1318 4512 1369 4570 103

122 2588 183 2655 cipe
