2946 5086
1451 26 1458 295 l

1456 300 1469 447 l

157 545 219 611 Ubi
242 548 419 623 insinuatur,
455 550 534 626 quod
556 568 611 608 rex
625 550 844 627 ,Fordinandus
867 550 964 609 denuo
985 547 1089 609 literas
1112 569 1152 609 ex
1164 549 1323 627 Hungaria
1343 545 1374 609 in
1388 548 1431 608 Bo·
1459 556 1464 701 Ι

157 635 286 695 herniam
309 633 516 712 transmiserit,
547 635 731 714 significans,
766 639 845 714 quod
868 636 925 696 subi
956 635 1055 695 omnia
1076 636 1153 696 bene
1177 645 1206 695 et
1227 636 1352 696 feliciter
1374 655 1430 695 suc·

156 721 308 796 cesserint,
337 722 423 782 Buda
446 731 475 782 et
496 722 572 782 aliae
593 723 735 783 civitates
769 743 801 783 se
823 724 850 783 ei
885 722 1081 799 subjecerint3
1116 719 1207 782 simul
1229 743 1332 801 regem
1352 723 1430 783 «loan-

155 828 222 873 nem
244 820 417 887 persecutus
439 810 528 869 luerit
549 811 673 884 tamdiu,
696 812 790 871 donec
813 831 880 871 aum
901 830 1001 888 regem
1024 829 1061 869 ex
1083 810 1241 888 Hungaria
1269 811 1430 889 expulisset,
1462 754 1466 879 l

156 896 281 974 ipseque
306 916 362 976 pro
382 917 453 976 rege
475 907 630 974 susceptus
654 905 684 956 et
714 907 870 958 coronatus
900 899 1019 957 tandem
1039 896 1139 973 luerit,
1171 916 1231 958 una
1253 917 1328 966 cum,
1344 899 1434 976 regina

612 984 705 1043 Anna
726 984 890 1045 conthorali
913 1005 976 1046 sua

689 369 835 438 CAPUT
857 370 909 437 14.

239 1137 304 1202 Die
326 1136 422 1202 lunae
431 1134 560 1200 tandem
573 1143 645 1223 post
657 1135 774 1201 festum
787 1133 822 1200 S.
838 1134 1007 1200 Michaelis
1020 1134 1085 1224 (30.
1099 1134 1202 1224 Sept)
1218 1157 1281 1202 rex
1290 1135 1394 1202 denuo
1405 1157 1436 1200 ex

153 1241 323 1329 Hungaria
344 1243 378 1306 in
400 1240 590 1307 Bohemiam
614 1239 763 1306 omnibus
795 1238 932 1305 statibus
954 1239 1085 1306 novalia
1108 1242 1250 1328 scripsit,
1282 1243 1320 1307 in
1354 1263 1436 1307 sensu

154 1348 320 1434 sequenti:
343 1344 428 1432 quod
450 1343 657 1408 medietatem
671 1345 833 1409 exercitus
858 1345 918 1428 sui,
941 1344 1096 1432 populum
1118 1343 1354 1411 notabiliorem
1376 1369 1436 1411 cnm

154 1452 325 1540 equitibus,
349 1449 529 1533 comitibus,
560 1447 762 1536 principibus
785 1457 844 1515 etc.
867 1471 926 1536 per
947 1449 1135 1515 Danubium
1169 1451 1379 1539 expediverit
1413 1458 1438 1515 et

152 1556 318 1622 transvehi
337 1556 480 1644 jusserit,
516 1562 550 1619 ut
572 1553 733 1620 Joannem
757 1551 956 1640 Stephanum
989 1563 1176 1620 coronatum
1198 1565 1437 1644 persequantur,

153 1668 186 1726 et
207 1661 366 1750 proelium
389 1682 462 1726 cum
486 1659 600 1724 eodem
622 1658 743 1735 ineant,
767 1667 799 1722 et
820 1657 897 1724 dum
918 1680 1032 1726 versus
1052 1660 1178 1747 Agram
1200 1663 1438 1748 processissent,

152 1772 220 1830 tum
242 1767 347 1830 nuntii
370 1763 516 1853 ejusdem
539 1762 601 1828 loci
624 1760 689 1828 illis
713 1759 842 1827 obviam
864 1773 1032 1847 venerunt,
1063 1766 1133 1851 regi
1164 1787 1200 1830 se
1224 1766 1436 1856 subjicientes,

152 1878 185 1933 et
215 1891 342 1934 omnem
376 1868 593 1934 obedientiam
625 1869 863 1956 promittentes,
899 1867 985 1956 quod
1009 1859 1198 1956 capitaneus
1232 1874 1347 1958 regius
1379 1872 1437 1937 loco

152 1975 239 2060 regis
261 1973 302 2038 ab
327 1972 449 2038 eisdem
485 1973 675 2060 suscipiens,
706 1971 788 2037 haec
820 1994 893 2036 cum
927 1971 992 2037 illis
1021 1975 1196 2059 constituit,
1228 1984 1266 2041 ut
1296 1975 1438 2044 victualia

152 2086 185 2142 et
215 2099 266 2142 res
298 2078 378 2142 alias
410 2079 609 2143 necessarias
639 2077 705 2143 illis
736 2075 936 2142 advehentes
968 2086 1162 2165 sequantur3
1198 2080 1289 2166 quod
1320 2082 1436 2169 quidem

150 2182 258 2247 facere
280 2184 506 2268 promiserunt,
538 2182 595 2248 sed
624 2203 688 2247 non
712 2183 841 2246 executi
864 2191 939 2248 sunt
968 2184 1137 2270 promissa,
1170 2183 1229 2249 sed
1252 2207 1339 2272 quae
1361 2195 1435 2276 potu·

150 2295 244 2352 erunt
266 2309 375 2352 secum
398 2286 548 2371 avehere,
571 2295 760 2372 avexerunt,
792 2295 825 2352 et
846 2288 959 2374 paucis
981 2286 1091 2374 Agrea
1113 2289 1361 2356 remanentibus
1383 2291 1434 2356 dis·
1465 2308 1469 2349 s

151 2402 327 2476 cesserunt,
352 2401 384 2458 et
407 2415 480 2457 cum
502 2394 537 2457 in
559 2393 674 2458 castris
706 2402 738 2457 et
772 2393 918 2458 exercitu
950 2393 1041 2480 regio
1071 2415 1192 2480 magna
1221 2396 1396 2482 penurias
1424 2436 1431 2446 ·

149 2500 251 2564 menti
274 2510 306 2565 et
327 2522 436 2564 rerum
460 2499 597 2565 aliarum
619 2498 726 2582 fuerit,
750 2498 874 2564 reversi
898 2506 973 2563 sunt
988 2498 1122 2584 Agram,
1146 2506 1179 2564 et
1200 2498 1328 2567 ibidem
1350 2523 1427 2566 anno·
1455 2492 1464 2559 l

148 2627 211 2697 nae
233 2606 437 2689 invenerunt,
461 2614 651 2688 avexerunt,
684 2603 853 2669 castellum
885 2613 917 2669 et
939 2603 1103 2669 civitatem
1126 2602 1169 2669 ad
1198 2626 1316 2673 manus
1340 2607 1423 2693 regias

150 2712 374 2797 suscipientes,
397 2709 560 2797 praesidio
583 2708 806 2798 providerunt,
831 2717 863 2775 et
884 2730 962 2774 mox
985 2708 1144 2775 Joannem
1168 2707 1371 2798 Stephanum
1390 2712 1422 2774 in·
1452 2704 1469 2768 ti

150 2816 252 2879 secuti
275 2822 357 2880 sunt.
386 2813 430 2879 Et
450 2838 509 2903 pro
532 2815 657 2880 meliori
672 2817 844 2880 securitate
865 2815 953 2879 misit
963 2836 1023 2880 rex
1034 2814 1191 2901 majorem
1204 2815 1314 2882 adhuc
1335 2836 1420 2882 nume·
1451 2806 1469 2873 l

148 2941 219 2983 rum
241 2918 354 3005 populi
374 2921 499 2998 armati,
530 2942 647 3008 nempe
671 2919 924 3009 quadringentos
958 2919 1082 3007 equites
1105 2926 1248 2985 armatos
1272 2929 1305 2986 et
1327 2921 1420 2986 ducen·
1452 2934 1469 2976 *c

150 3033 199 3087 tos
221 3023 378 3107 Husaros,
412 3047 450 3089 ac
473 3023 629 3090 ducentos
653 3024 881 3112 stipendiarios
904 3046 978 3089 cum
1000 3044 1137 3107 annona,
1170 3047 1269 3111 quam
1290 3026 1354 3091 illis
1374 3023 1421 3112 qui·
1452 3039 1469 3079 u

152 3126 228 3195 dam
250 3128 374 3193 inimici
396 3150 454 3217 pro
478 3137 569 3216 parte
591 3137 777 3217 rapuerunt,
811 3127 868 3193 ubi
890 3126 1022 3193 tandem
1043 3126 1105 3192 hae
1135 3129 1248 3215 regiae
1271 3132 1379 3218 copiae
1396 3148 1418 3190 se
1453 3145 1469 3208 ιζ·

149 3234 383 3320 conjungentes
406 3234 572 3298 insecutae
604 3241 678 3297 sunt
701 3231 927 3320 Stephanum
959 3231 1013 3296 ille
1041 3251 1120 3296 vero
1144 3237 1220 3296 ante
1242 3234 1332 3320 ipsos
1353 3253 1421 3298 exer·
1454 3249 1469 3311 J:

148 3339 247 3402 citum
270 3355 366 3402 suum,
386 3336 593 3402 locomovens
626 3337 770 3418 recessit,
802 3336 858 3424 qui
895 3333 1015 3400 deinde
1037 3355 1110 3398 cum
1145 3333 1273 3401 duobus
1304 3335 1422 3402 millibus
1455 3336 1469 3397 Ξ

146 3441 346 3509 Husarorum
378 3441 420 3506 ad
454 3441 611 3530 quosdam
627 3441 821 3506 monticulos
839 3440 1020 3506 adveniens
1043 3460 1078 3503 se
1094 3437 1278 3524 collocavit,
1301 3440 1357 3507 uhi
1367 3459 1421 3506 cun
1456 3462 1468 3501 ε

147 3549 247 3633 regiis
269 3547 427 3613 militibus
451 3546 636 3613 conflictum
659 3554 785 3612 tentare
800 3547 993 3634 inceperunt
1016 3553 1049 3610 et
1069 3551 1243 3632 postquam
1264 3547 1347 3633 regii
1367 3566 1422 3610 con·
1457 3565 1469 3604 r

147 3659 197 3716 tra
218 3650 291 3717 illos
313 3660 473 3718 tormenta
505 3651 703 3717 direxissent
733 3658 765 3717 et
787 3650 964 3739 explodere
985 3649 1195 3736 incepissent,
1230 3651 1355 3717 inimici
1374 3649 1423 3714 dis·
1461 3649 1469 3730 ξ

146 3758 234 3846 persi
255 3757 393 3840 fuerunt,
418 3765 449 3822 et
471 3755 590 3821 abinde
615 3764 829 3822 recesserunt
859 3753 956 3821 Unde
978 3751 1109 3819 tandem
1124 3750 1313 3843 Stephanus
1335 3771 1422 3822 amen

145 3883 257 3929 versus
280 3862 390 3927 Tisam
413 3870 445 3928 et
468 3861 635 3926 castellum
657 3860 827 3947 Rogagata
859 3860 1028 3947 processit,
1058 3857 1248 3948 ibidemque
1281 3884 1318 3927 se
1338 3860 1420 3926 muni·

145 3969 211 4053 vit3
233 3968 316 4054 regii
340 3988 416 4033 vero
439 3966 531 4031 illum
554 3965 598 4030 ita
620 3954 908 4053 persequebantur,
931 3964 1017 4053 quod
1039 3971 1163 4030 tantum
1178 3964 1290 4032 medio
1313 3961 1422 4031 milliari

145 4073 348 4139 abinvicem
373 4071 531 4136 distarent
563 4079 595 4135 et
629 4092 663 4136 se
687 4069 893 4148 collocarent,
926 4069 983 4135 ubi
1004 4069 1087 4155 regii
1110 4069 1335 4156 exploratores
1366 4087 1422 4135 suos

144 4176 302 4243 habentes
324 4175 446 4240 ibidem
468 4183 750 4263 pernoctaverunt,
783 4173 938 4240 excubias
968 4172 1090 4260 ubique
1112 4174 1355 4242 constituentes.
1391 4172 1418 4236 lu
1462 4197 1469 4241 ι

144 4281 226 4347 festo
249 4280 378 4346 taudem
402 4280 433 4349 S.
457 4280 644 4348 Wenceslai
666 4290 741 4346 ante
764 4280 842 4345 solis
874 4288 977 4345 ortum
1000 4300 1076 4366 pars
1099 4278 1140 4344 de
1163 4278 1325 4369 Stephani
1347 4298 1416 4346 exer
1455 4284 1466 4330 5³

144 4387 211 4451 citu
232 4397 367 4476 repente
396 4387 489 4452 irruit
522 4388 556 4451 in
591 4385 769 4453 exercitum
803 4386 929 4471 regium
962 4391 995 4448 et
1016 4382 1139 4471 aliquot
1173 4385 1416 4474 sclopetarioruu
1447 4370 1469 4420 ³³

145 4489 348 4577 occiderunt;
372 4490 488 4579 reliqui
511 4513 588 4557 vero
612 4514 647 4556 se
670 4501 800 4557 strenue
822 4497 1033 4578 opponentes,
1063 4487 1186 4554 abinde
1220 4492 1365 4559 inimicos
1382 4506 1414 4551 re
1443 4473 1469 4511 '⁰¹

144 4593 305 4682 pulerunt,
340 4596 523 4684 multosque
557 4595 598 4661 de
621 4596 687 4661 illis
716 4595 914 4672 oeciderunt,
944 4616 983 4659 ac
1014 4590 1157 4681 reliquos
1181 4596 1224 4663 ad
1264 4596 1410 4664 exercitum

141 4719 253 4763 eorum
275 4701 474 4788 repulerunt.
519 4699 599 4765 Dux
623 4700 807 4788 Stephanus
829 4721 907 4768 vero
931 4698 1055 4764 hahens
1078 4709 1213 4786 pontem
1235 4727 1297 4792 per
1318 4703 1407 4771 Tisau,

122 4821 190 4889 per
212 4825 289 4872 eum
312 4803 632 4897 adquadringentos
653 4805 781 4874 circiter
803 4806 926 4893 equites
936 4803 1074 4872 transire
1080 4804 1190 4894 jussit,
1212 4809 1307 4899 eujus
1327 4797 1406 4896 pontt
1433 4793 1469 4869 ht
