2946 5086
123 166 193 259 tet

128 366 225 415 unam
234 343 324 435 juste
347 338 470 407 suitam
492 362 557 409 non
578 362 760 433 possumus.
804 338 841 409 Si
869 360 949 407 vero
971 360 1030 407 vos
1058 342 1213 409 continuo
1232 340 1422 413 hoc-nostro

124 436 277 515 mandato
300 445 433 533 scripto,
456 442 510 513 vel
532 459 682 519 oretanus
694 445 818 536 prolate
840 445 1017 512 defendere
1053 455 1087 513 et
1107 469 1271 521 mensore
1283 444 1418 527 velletis,

129 562 161 621 et
182 551 285 617 literis
307 552 428 616 nostris
451 560 483 616 et
504 552 657 619 mandato
679 551 867 619 satisfacere
889 550 1030 634 nolletis,
1065 550 1271 634 mandamus,
1294 558 1333 623 ιιι
1351 547 1421 615 illas

127 677 284 745 personas
307 656 378 719 sine
407 677 500 723 mora
520 656 561 722 ad
592 679 652 723 nos
685 657 866 735 remittatis,
900 677 983 743 quae
1016 655 1112 731 vobis
1144 655 1203 729 illa
1233 653 1419 737 retulerunt,

126 758 213 848 quod
235 757 300 824 tale
322 759 510 827 mandatum
535 760 742 841 ediderimus,
773 769 809 827 nt
829 760 911 827 alias
932 770 1059 827 nostras
1089 759 1200 828 literas
1231 780 1299 855 non
1326 759 1417 833 sati·

125 870 221 935 metis
254 875 287 931 et
309 863 438 941 curetis,
475 864 593 953 quibus
616 864 748 930 tandem
778 886 838 930 nos
872 863 1071 931 voluntatem
1091 874 1237 931 nostram
1275 873 1420 937 oretenus

126 967 336 1038 manifestare
359 967 576 1054 dignabimur.
619 968 763 1056 Ideoque
795 978 968 1035 noscentes
995 969 1031 1033 in
1064 968 1116 1033 his
1152 967 1286 1035 finalem
1315 966 1420 1034 volun·

130 1083 230 1142 tatem
252 1081 396 1138 nostram
420 1081 452 1136 et
474 1071 671 1156 mandatum,
693 1073 740 1139 ita
761 1093 821 1139 vos
843 1074 976 1160 geretis,
998 1071 1094 1138 aliter
1115 1093 1183 1139 non
1202 1070 1374 1153 facientes,
1395 1071 1419 1133 si

131 1171 386 1264 indignationem
409 1185 441 1240 et
463 1175 652 1263 disgratiam
673 1185 817 1243 nostram
838 1176 962 1263 regiam
985 1176 1109 1249 evitare
1140 1175 1319 1243 volueritis.
1356 1173 1419 1239 Da·

127 1291 194 1349 tum
217 1280 330 1348 Budas
353 1281 406 1347 die
429 1279 669 1369 S.Apolloniae
688 1282 825 1367 virginis
851 1279 1021 1370 (anaba),
1043 1302 1129 1349 anno
1141 1279 1236 1359 1526,
1258 1300 1425 1367 regnorum

125 1396 307 1455 nostrorum
346 1385 534 1473 Hungariae
557 1395 590 1452 et
609 1385 787 1453 Bohemise
808 1384 947 1453 decimo.

215 1492 367 1561 Secundo
389 1492 508 1559 missae
531 1502 606 1559 aunt
627 1493 742 1563 literae
764 1490 899 1567 senatui,
931 1510 1050 1579 nempe
1071 1487 1207 1571 consuli,
1240 1496 1273 1571 et
1305 1493 1424 1557 senato·

132 1599 222 1667 ribus
243 1598 474 1687 Pragensibus.
521 1618 526 1629 ⁸

324 1702 512 1770 Ludovieus
534 1702 600 1768 Dei
621 1703 727 1791 gratia
748 1711 809 1770 ete.

213 1807 361 1890 Honesti,
384 1809 487 1874 nostri
507 1806 622 1875 fideles
646 1807 767 1874 dilecti
810 1806 865 1889 Ex
898 1807 1002 1874 literis
1032 1804 1128 1879 vobis
1148 1817 1180 1875 et
1203 1811 1418 1881 communitati

127 1920 257 1980 vestrae
278 1933 365 1979 nune
387 1912 595 1996 transmissis,
632 1911 673 1978 de
695 1912 869 1979 discordiis
903 1910 979 1993 illis,
1010 1931 1093 1998 quae
1125 1912 1211 1979 inter
1243 1936 1305 1981 vos
1337 1924 1418 1983 ortae

127 2016 266 2099 fuerunt,
290 2039 373 2104 quae
397 2017 547 2085 voluntas
568 2025 681 2085 nostra
701 2019 737 2083 in
771 2016 824 2082 his
840 2018 890 2099 sit,
913 2036 1092 2102 agnoscere
1124 2019 1299 2104 poteritis;
1320 2020 1424 2087 admo·

129 2143 245 2187 nemus
266 2121 366 2208 igitur
387 2143 458 2201 vos,
482 2130 518 2186 ut
538 2123 643 2210 primo
667 2140 737 2205 vos,
761 2130 875 2210 utpote
892 2123 994 2211 jurati
1017 2123 1174 2191 officiales
1195 2128 1300 2195 nostri
1323 2129 1424 2196 solun·

126 2229 185 2295 tati
196 2239 325 2317 nostrae
336 2249 402 2293 non
426 2226 659 2295 contradicatis
672 2234 704 2291 et
725 2226 808 2293 alios
830 2247 942 2293 omnes
964 2227 1008 2293 ad
1023 2222 1092 2295 'hoe
1105 2228 1246 2297 incitetis
1270 2241 1305 2299 et
1325 2233 1425 2300 admo-

127 2333 241 2415 neatis,
264 2340 299 2397 ut
322 2342 354 2397 et
375 2330 421 2396 illi
439 2332 537 2425 juxta
557 2329 759 2419 voluntatem
791 2341 936 2397 nostram
972 2341 1004 2398 et
1025 2331 1215 2401 mandatum
1249 2357 1362 2405 omnes
1392 2361 1423 2405 se

131 2449 256 2525 gerant,
280 2436 443 2502 mandatis
464 2437 583 2503 nostris
607 2458 666 2503 seu
688 2436 803 2503 edictis
824 2459 883 2524 pro
916 2450 992 2503 tuno
1022 2436 1171 2512 anobis¹
1190 2437 1287 2519 editis
1318 2442 1420 2509 obediss

128 2552 230 2625 entes,
254 2564 296 2609 ex
317 2541 512 2630 quibusdam
542 2543 649 2608 causis
672 2550 705 2608 et
732 2540 1015 2617 informationibus
1045 2565 1081 2607 se
1113 2566 1178 2610 non
1218 2559 1418 2616 excusantes.

128 2645 166 2713 Si
187 2668 265 2713 vero
288 2648 361 2736 quis
385 2669 419 2712 se
441 2646 518 2714 huie
539 2647 725 2735 opposuerit
769 2656 801 2711 et
822 2645 924 2712 literis
952 2669 992 2712 ac
1016 2647 1172 2715 voluntati
1196 2662 1330 2721 nostrae
1351 2677 1419 2721 oon·

130 2750 312 2833 tradixerit,
336 2751 513 2839 quemlibet
535 2751 651 2817 horum
673 2749 769 2815 nobis
792 2752 900 2815 statim
916 2752 1118 2836 intimabitis,
1141 2776 1202 2820 nos
1224 2778 1305 2826 vero
1318 2759 1421 2843 talem,

128 2865 165 2922 ιιι
186 2855 280 2925 nobis
303 2855 516 2921 reluctantem
537 2858 652 2945 punire
664 2854 881 2940 dignabimur,
894 2865 927 2921 et
939 2856 1036 2923 talem
1052 2879 1190 2944 poenam
1205 2862 1236 2927 ei
1255 2862 1420 2952 imponere

127 2982 210 3063 quae
233 2960 263 3025 ei
284 2961 417 3027 minime
439 2958 592 3047 placebit.
635 2957 780 3047 Ideoque
813 2958 911 3025 talem
942 2961 1140 3027 voluntatem
1173 2974 1320 3033 nostram
1348 2990 1421 3034 nos·

128 3074 248 3148 centes,
271 3085 330 3130 vos
352 3065 398 3129 ita
419 3065 550 3150 geretis,
572 3063 655 3129 sicut
678 3063 770 3129 vobis
794 3062 937 3129 scribere
966 3063 1148 3151 dignamur,
1169 3067 1266 3135 aliter
1287 3094 1353 3137 uon
1374 3071 1420 3138 la·

128 3169 251 3239 cientes
274 3167 334 3234 sub
358 3169 532 3265 evitatione
553 3166 786 3283 indignationis
809 3176 842 3234 et
855 3167 1032 3309 disgratiae
1053 3181 1192 3241 nostrae
1217 3173 1341 3245 Datum
1372 3177 1421 3243 dis

130 3283 279 3358 stanno,
303 3281 339 3339 ut
361 3292 468 3359 supra

1107 3378 1301 3453 Ludosicus
1321 3406 1391 3453 rex.

221 3480 286 3549 Hic
307 3482 425 3547 iterum
446 3438 602 3567 magister
623 3477 750 3547 Passek
771 3488 869 3561 tacet,¹
901 3502 963 3549 nee
984 3481 1177 3559 confirmare
1209 3486 1319 3573 audet,
1344 3487 1423 3579 quod

135 3595 284 3655 oretenus
307 3607 368 3651 rex
389 3585 549 3683 quaedam
572 3583 613 3650 de
635 3584 687 3649 bis
708 3585 913 3653 mandaverit
945 3595 980 3653 et
1014 3588 1111 3655 inane
1144 3599 1205 3677 est,
1239 3615 1277 3659 se
1305 3594 1401 3663 diu
1391 3616 1422 3662 ιιι

132 3692 184 3758 his
205 3690 303 3757 rebus
326 3689 482 3755 detinere
518 3688 701 3775 Pragenses
724 3691 811 3755 enim
845 3692 942 3757 etiam
974 3693 1009 3757 in
1031 3690 1083 3759 his
1103 3696 1176 3781 regi
1207 3695 1342 3767 domino
1366 3721 1417 3767 suo

131 3796 382 3864 submissionem
405 3815 471 3860 non
495 3793 722 3878 exhibuerunt,
745 3816 851 3883 neque
874 3795 916 3861 de
937 3795 988 3862 his
1012 3796 1143 3865 solliciti
1164 3799 1307 3887 fuerunt,
1330 3826 1415 3891 prae

129 3911 180 3968 ter
202 3894 293 3981 haec,
317 3895 403 3985 quod
425 3921 445 3963 a
467 3899 721 3993 relegatiouibus
755 3902 899 3966 virorum
920 3910 953 3966 et
973 3902 1145 3969 mulierum
1175 3928 1235 3993 pro
1258 3907 1321 3979 illo¹
1338 3918 1413 3977 tem·

129 4029 209 4097 pore
232 4004 442 4071 cessaverint.
480 4002 608 4069 Passek
629 4026 707 4073 vero
730 4026 896 4094 nunquam
918 4027 1018 4073 ausus
1038 4006 1099 4073 fuit
1120 4030 1238 4096 regem·
1255 4014 1414 4090 accedere.

127 4120 164 4177 ut
186 4112 324 4177 eundem
349 4106 444 4196 hujus
467 4108 614 4175 mandati
637 4131 736 4176 causa
757 4108 942 4195 admoneat,
967 4110 1055 4198 quod
1078 4134 1113 4179 se
1135 4117 1311 4204 accepisse·
1330 4110 1414 4187 dixit

133 4215 314 4301 Pragenses
339 4225 446 4279 autem
470 4213 512 4279 ad
534 4213 644 4301 priora
664 4215 789 4279 reversi
812 4222 897 4300 sunt,
932 4214 1020 4303 quod
1051 4225 1182 4304 praeter
1212 4219 1305 4289 baeo-
1319 4223 1420 4291 omnis

128 4317 284 4409 quosdam
318 4320 407 4384 cives
420 4382 423 4387 ,
438 4341 513 4386 suos
556 4319 835 4407 supranominatos
867 4321 974 4407 Praga
1007 4320 1200 4409 expulerint,
1233 4329 1420 4413 praesertim

122 4418 288 4517 quandam
314 4424 447 4491 nomino
466 4424 628 4511 Reginam
649 4424 856 4515 Lopatslsin3
890 4435 965 4513 post
991 4425 1051 4491 has
1072 4448 1151 4505 vero
1181 4441 1298 4503 omnes
1320 4434 1424 4519 regist

127 4528 238 4594 literas
263 4550 474 4615 praegressas
496 4530 653 4616 magister
675 4529 801 4597 Passek
824 4528 884 4597 sub
907 4530 981 4609 velo
1004 4529 1131 4617 agebat,
1154 4529 1212 4607 illo
1236 4534 1326 4607 enim
1347 4539 1420 4605 tem?

129 4653 219 4720 pore,
243 4633 330 4697 circa
352 4631 438 4697 diem
460 4632 492 4700 S.
513 4633 746 4723 Margarethae
772 4657 857 4715 anno
882 4634 979 4713 1524,
1009 4637 1047 4713 ιιι
1075 4639 1271 4724 praesentia,
1296 4639 1417 4719 domini

122 4732 256 4819 Artlebi
279 4733 321 4805 de
334 4733 1076 4855 bleranaedtapislai.episcapi.01tt¹tttttenflib
1092 4727 1435 4841 tiletnfflbbh,
