2946 5086
1320 136 1383 207 153

77 312 196 380 fideles
219 319 253 378 et
273 313 398 379 amicos
420 313 456 375 in
478 309 551 399 Deo
575 309 689 376 charos
712 311 748 375 15
768 308 928 378 Bohemia
950 316 1006 376 aut
1032 309 1178 377 Moravia
1193 311 1382 395 existentes,

78 416 719 502 5555155551515515551515155155
753 422 923 502 peccatore
960 414 1139 480 secundum
1167 413 1259 499 illud,
1295 419 1382 505 quod

79 533 177 591 antea
200 522 321 591 dictum
338 518 413 588 luit.
451 520 566 585 Frater
581 518 747 604 Laurenti,
764 517 937 584 recordare
960 517 1077 607 hujus!
1103 518 1217 586 Gratia
1238 519 1303 607 Dei
1326 546 1397 598 vo·.‚
1411 601 1427 617 ..

79 631 209 698 bissum
232 544 1218 695 5555515155551151555155111155115515(1555151555
1238 602 1381 697 Domino
1436 614 1438 619 ¹

79 743 215 820 nostro,
247 731 372 801 Amen!
395 728 549 794 Datum
539 751 574 794 m
597 727 650 795 die
672 730 815 799 omnium
839 736 932 794 sanct
933 750 1025 797 orum
1045 727 1143 794 Anno
1168 727 1263 834 1525.

383 833 524 902 Μ515155
548 835 695 923 captivus
718 834 794 919 Dei,
817 855 916 900 manu
938 834 1103 922 propria.
1130 893 1133 897 .

619 1006 766 1073 cAPUT
787 1006 840 1073 21.

84 1193 147 1255 Ubi
168 1190 353 1264 insinuatur,
385 1184 464 1266 qu'od
485 1128 654 1266 Pragehses
677 1188 714 1246 ds
743 1136 920 1266 compactat
911 1208 938 1248 rs
973 1196 1065 1266 agant
1098 1198 1128 1250 et
1148 1192 1187 1251 ad
1217 1191 1293 1252 haec
1314 1212 1382 1272 per-

85 1300 179 1341 sonae
202 1279 314 1339 electae
335 1277 534 1338 nominantur
564 1277 642 1335 Item
665 1270 803 1335 domiuus
820 1275 894 1333 Lew
917 1295 1018 1336 coram
1033 1295 1085 1355 rag
1087 1278 1253 1338 enuntium
1274 1299 1376 1340 resan-

86 1374 139 1446 set,
174 1374 204 1425 et
235 1364 352 1426 Passek
386 1363 480 1422 eidem
514 1363 588 1422 haec
617 1363 780 1423 confirmat.
824 1363 918 1421 Praet
906 1369 987 1422 terea
1008 1358 1134 1423 Bohemi
1165 1367 1273 1425 iterum
1304 1367 1379 1428 alios

89 1453 190 1514 statim
212 1453 334 1513 nuntios
357 1469 424 1510 cum
446 1449 542 1509 literis
570 1448 722 1524 miserunt,
754 1445 998 1527 significantes,
1009 1452 1088 1527 quod
1111 1453 1149 1511 ad
1179 1445 1398 1533 suprascripte

86 1542 221 1601 nuntiata
243 1558 302 1599 non
332 1538 527 1598 consentiant.
572 1537 706 1596 Tandem
741 1545 788 1595 art
776 1536 861 1596 ticuli
885 1556 923 1595 ex
953 1538 1148 1616 compactatis
1171 1541 1319 1618 leguntur,
1350 1551 1379 1600 et

338 1627 454 1751 legatus
477 1644 574 1702 papae
595 1642 686 1702 supra
709 1625 762 1683 hos
785 1624 931 1719 articulos
951 1627 1124 1702 respondet.

143 1790 242 1859 Η55
264 1814 349 1860 anno
371 1746 555 1881 Pragenses
577 1800 652 1879 post
667 1790 794 1859 Pascha
818 1793 975 1881 quosdam
998 1766 1207 1860 demedio
1194 1815 1251 1858 suo
1275 1772 1380 1879 elege-
1408 1832 1411 1837 ·
1466 1790 1470 1796 ’

87 1907 154 1966 runt
176 1897 377 1985 ablegatos
367 1921 402 1963 m
430 1898 634 1984 Hungariam
656 1896 698 1962 ad
719 1919 878 1984 regem
855 1906 888 1962 et
919 1895 962 1963 ad
995 1918 1099 1986 papae
1131 1897 1275 2019 legatum
1306 1897 1378 1963 mit·

86 2003 206 2087 tendes,
233 2005 288 2090 qui
310 2001 432 2069 ibidem
454 2001 495 2067 de
511 2001 720 2089 comportatis
743 2011 851 2087 agant,
868 2001 966 2089 Juxta
978 2001 1165 2068 conclusum
1179 2004 1380 2069 comitiorum

83 2105 290 2192 praecedent
281 2130 347 2173 rum
379 2108 414 2172 in
448 2106 501 2173 die
530 2105 807 2173 conversionisS.
831 2105 928 2172 Pauli
959 2106 1151 2191 habitorum,
1186 2115 1218 2172 51
1247 2106 1378 2195 quidem
1443 2118 1446 2123 '

81 2210 272 2279 nominatim
302 2218 495 2299 sequentes·
530 2212 722 2297 magistrum
743 2210 880 2295 Passek,
904 2210 1065 2278 Joannem
1100 2210 1236 2278 Karban
1266 2210 1307 2276 de
1330 2234 1378 2277 se·

78 2315 379 2402 natu3'Georgium
400 2315 534 2381 Jetteek
556 2315 598 2380 de
624 2315 805 2381 senioribus
818 2316 1067 2396 communitatis,
1091 2327 1123 2382 et
1145 2316 1186 2382 de
1210 2317 1378 2383 civitatum

77 2420 241 2507 ablegatis
264 2419 476 2487 Nicodemum
499 2428 532 2485 et
565 2421 742 2507 Georgium
775 2419 816 2485 de
830 2420 1010 2521 11115151151
1044 2421 1085 2486 de
1119 2430 1203 2487 statu
1236 2420 1380 2501 clericali
1422 2436 1426 2447 ·

74 2544 158 2594 vero
183 2525 314 2593 Gallum
345 2524 639 2592 administratorem
676 2525 872 2609 inferiorem,
902 2527 1094 2613 magistrum
1126 2525 1283 2591 Mathiam
1311 2526 1378 2591 Ko-
1462 2574 1468 2593 .

74 2631 238 2716 15515551,
273 2639 306 2696 51
334 2630 536 2697 sacerdotem
556 2630 718 2697 Joannem
753 2630 914 2697 decanum
947 2629 1385 2718 Reginae-Hradeoensem.·

74 2729 126 2804 Hi
145 2758 260 2804 omnes
281 2735 415 2802 fuerunt
437 2743 591 2823 exparte
614 2736 674 2803 sub
698 2743 832 2824 utraque
860 2736 969 2824 specie
991 2737 1303 2802 communicantium.
1324 2735 1379 2803 Ex
1406 2790 1412 2803 .

75 2852 174 2930 parte
197 2864 275 2910 vero
296 2840 442 2908 Romana
464 2849 636 2929 sequentes
657 2842 806 2909 fuerunt:
838 2843 996 2931 Princeps
1020 2841 1155 2909 Carolus
1178 2845 1391 2945 capitaneus,

79 2948 235 3016 dominus
257 2945 394 3011 Zdenko
427 2945 515 3029 Len,
549 2968 717 3033 supremus
739 2945 966 3035 burggravius,
1001 2946 1150 3016 dominus
1180 2948 1377 3017 Adalbertus

80 3054 126 3121 de
161 3052 344 3135 Perustein,
379 3052 528 3119 dominus
558 3051 722 3117 Henricus
755 3032 970 3171 5515555111,
1004 3051 1149 3144 dominus
1181 3054 1377 3122 Buitehrad-

78 3159 156 3247 sky,
190 3155 362 3223 Radislaus
385 3157 427 3224 de
450 3139 596 3224 debirow
619 3156 726 3237 scriba
746 3156 850 3242 regni,
889 3159 1000 3226 etalii
1024 3139 1146 3227 domini
1169 3185 1207 3228 ac
1235 3164 1376 3268 vequites.

76 3266 235 3353 Ablegati
257 3287 334 3331 vero
359 3265 526 3332 civitatum
548 3284 589 3328 ex
611 3248 1377 3349 15111511555555115515511Ρ5115581155511

82 3370 333 3453 Planensis,et
320 3370 396 3437 tde
430 3377 515 3435 statu
537 3366 678 3433 clericuli
707 3366 851 3432 Joannes
884 3354 979 3432 Zauk
1016 3367 1140 3453 doctor,
1175 3379 1207 3434 51
1240 3370 1377 3438 admini-
1465 3422 1469 3429 .

87 3483 204 3543 strator
239 3476 333 3541 arcis
355 3474 543 3563 Pragensis,
576 3473 731 3559 magister
774 3472 886 3547 Simon
924 3474 1108 3549 canonicus,
1142 3481 1175 3539 et
1209 3496 1283 3540 cum
1319 3475 1376 3543 illo

87 3585 142 3652 alii
164 3584 229 3651 duo
253 3583 408 3650 canonici.
448 3581 493 3646 Hi
516 3601 627 3646 omnes
649 3578 756 3664 Praga
778 3577 997 3643 discesserunt
1018 3578 1105 3643 eirca
1135 3578 1222 3644 diem
1243 3578 1277 3645 S.
1300 3579 1375 3646 Flo-

87 3690 169 3754 riani
193 3688 228 3776 (5
237 3688 328 3777 Maj.)
350 3697 383 3754 et
404 3686 481 3752 dum
491 3682 618 3750 Budam
639 3681 857 3766 advenissent,
880 3692 1087 3749 accesserunt
1105 3705 1217 3770 regem
1239 3683 1291 3749 die
1304 3686 1376 3751 sab·

87 3792 152 3858 bati
173 3802 247 3882 post
268 3791 355 3858 diem
379 3789 413 3857 S.
428 3789 569 3879 Sophiae
585 3786 755 3876 (20Maj.),
778 3789 867 3875 prius
879 3788 1047 3854 consilium
1056 3789 1142 3855 inter
1164 3789 1372 3868 semenator,

86 3897 136 3963 ubi
148 3882 299 3965 dominus
310 3897 389 3963 Low
399 3896 530 3962 nomine
544 3893 687 3960 omnium
698 3894 1373 3983 5551551515511151555515515151515155

86 4000 257 4069 Bohemias
280 4010 312 4068 et
332 3999 479 4090 ejusdem
500 3996 617 4064 incolis
638 3996 672 4061 in
695 3997 784 4061 omni
815 3997 1030 4064 submissione
1063 3997 1199 4064 salutem
1225 4000 1296 4085 regi
1318 4022 1373 4065 an·

88 4108 261 4192 nuntiavit3
284 4107 398 4172 dicens
425 4103 565 4186 tandem,
588 4100 674 4189 quod
687 4123 798 4167 omnes
811 4109 876 4166 tres
900 4111 1001 4168 status
1022 4105 1116 4190 regni
1136 4104 1312 4171 Bohemiae
1335 4106 1376 4173 de
1419 4170 1421 4174 ,

93 4221 176 4296 parte
197 4220 334 4301 utraque
356 4213 391 4277 in
414 4210 501 4276 omni
524 4208 679 4273 charitate
702 4205 904 4271 concorditer
926 4211 1147 4293 convenerint,
1176 4232 1294 4299 nempe
1319 4210 1376 4277 ba·

93 4323 332 4400 ronumstatus,
368 4314 526 4402 equestris
549 4321 581 4379 et
613 4312 718 4378 civilis
752 4313 812 4379 sub
845 4336 919 4399 una,
969 4338 1043 4382 cum
1086 4326 1170 4383 statu
1205 4317 1373 4405 baronum,

95 4423 224 4511 equestri
247 4430 281 4488 et
302 4420 392 4488 civili
413 4420 514 4508 partis
531 4418 590 4486 sub
612 4427 747 4508 utraque
759 4421 879 4515 specis
893 4423 1209 4489 communicantium.
1242 4423 1286 4489 Et
1307 4427 1373 4494 ait:

96 4518 199 4618 Itaque
222 4548 332 4593 coram
352 4525 470 4592 Vestra
501 4524 671 4612 Majestate
702 4506 806 4608 Regia
845 4525 947 4593 libere
979 4528 1251 4614 recognoscimus,
1285 4529 1371 4618 quod

91 4624 139 4719 flii,
161 4633 220 4721 qui
241 4631 406 4697 internos
429 4652 546 4717 corpus
569 4637 602 4694 et
624 4629 813 4714 sanguinem
844 4629 966 4698 Christi
999 4641 1130 4699 sumunt
1151 4633 1211 4700 sub
1236 4642 1373 4724 utraque
1418 4672 1421 4677 ·

87 4740 199 4826 ⁸pecie,
230 4736 302 4841 1511
324 4736 389 4805 5151
411 4735 578 4807 christiani
601 4744 633 4803 et
654 4741 784 4803 sanotae
808 4736 966 4809 ecclesiae
987 4737 1056 4826 lilii,
1081 4736 1215 4810 ethaeo
1237 4751 1372 4849 agentes
