2946 5086
150 169 195 237 84

151 338 318 405 ordinibus
349 336 530 420 sacerdotii,
565 345 597 402 et
618 359 677 423 pro
699 335 750 401 his
772 335 874 401 literis
896 337 930 401 in
952 335 1081 405 Italiam
1102 334 1235 419 vadant,
1268 358 1341 402 cnm
1358 336 1418 403 abs·
1462 360 1465 403 ι

150 465 213 532 que
242 442 361 511 talibus
383 443 495 526 literis,
517 463 556 508 ac
577 441 696 508 omissa
718 439 779 505 hac
793 440 848 506 via
869 440 923 506 hic
944 463 1049 530 aeque
1081 439 1299 523 sacerdotium
1330 441 1419 529 acqui·

149 570 222 615 rere
253 547 387 636 possint
428 546 473 612 Et
494 546 542 612 sic
574 544 708 610 ulterius
729 565 832 631 usque
852 544 895 610 ad
926 544 1038 612 finem:
1076 545 1186 634 Atque
1215 542 1278 615 hoc
1310 559 1357 613 est
1382 569 1420 612 su·
1459 602 1462 609 .

148 675 207 741 per
243 652 334 719 illum
370 650 540 717 articulum
568 671 590 714 a
631 648 849 734 Pragensibus
902 649 1072 735 prolatum,
1108 652 1313 741 professum;
1353 651 1421 742 quod

149 777 360 844 quaecunque
381 756 536 842 magister
556 752 738 841 Brykcnius
761 763 873 818 contra
894 754 1081 820 venerabile
1115 770 1352 825 sacramentum
1385 757 1420 823 lo·

150 870 242 927 cutus
264 860 341 944 fuit,
362 882 474 926 omnes
496 858 654 924 laesiones
678 859 742 922 sint
762 880 841 945 prae
863 859 1011 926 manibus
1034 869 1066 925 et
1105 859 1220 928 haberi
1249 865 1391 951 possint

686 1063 833 1131 CAPUT
854 1068 908 1133 31.

147 1179 185 1238 In
207 1197 267 1256 qno
302 1178 424 1256 ponitur
455 1195 630 1256 responsum
659 1175 918 1250 incarceratorum,
952 1178 991 1238 ad
1023 1178 1202 1247 delationem
1236 1183 1419 1262 Prsgensium

168 1284 266 1326 coram
287 1266 425 1344 principe
448 1267 560 1340 datum,
582 1272 611 1324 et
632 1264 779 1341 quomodo
802 1282 869 1324 cum
890 1263 950 1323 illis
977 1265 1171 1329 incarceratis
1192 1271 1397 1348 processerint

232 1461 407 1549 Postquam
429 1461 510 1529 haec
540 1461 648 1527 omnia
670 1459 712 1525 ab
741 1460 983 1528 accusatoribus
1016 1461 1155 1530 fuissent
1185 1464 1314 1555 prolata
1344 1473 1424 1555 atque

146 1565 246 1650 finita,
270 1576 347 1633 tunc
373 1569 503 1636 demum
524 1565 717 1632 incarcerati
738 1565 992 1650 supranominati
1017 1576 1245 1637 consenatores
1261 1556 1305 1636 ad
1332 1569 1423 1637 cubile

146 1680 276 1738 senatus
298 1676 409 1740 vocati
430 1674 560 1739 fuerunt
582 1671 635 1736 die
649 1671 754 1753 lunae,
768 1676 881 1757 quarta
892 1692 1010 1758 nempe
1032 1671 1085 1737 die
1103 1682 1178 1761 post
1192 1674 1315 1741 festum
1325 1676 1357 1743 S.
1375 1673 1425 1741 Oa-

148 1776 592 1866 therinae(28.Nov.1524),
608 1775 665 1841 illa
678 1795 795 1861 nempe
811 1773 865 1838 die
876 1784 950 1861 post
965 1775 1046 1842 haec
1061 1779 1171 1843 omnia
1192 1789 1267 1845 acta
1290 1788 1322 1847 et
1342 1779 1425 1862 dieb,

148 1888 184 1946 ut
204 1881 247 1946 ad
279 1881 475 1949 delationem
509 1890 541 1946 et
573 1879 837 1948 informationem
859 1878 1073 1966 Pragensium
1108 1880 1220 1972 (quam
1254 1885 1291 1951 in
1312 1885 1426 1951 illorum

147 1984 295 2051 absentia
317 2009 426 2053 coram
449 1987 608 2076 principe,
632 1982 770 2050 dominis
783 1981 1144 2071 ,Kuttenbergensibua
1175 1996 1208 2053 et
1229 1988 1305 2054 aliis
1326 1990 1423 2056 civita·

147 2097 216 2155 tum
252 2089 411 2178 ablegatis
446 2089 663 2180 protulerunt)
699 2108 891 2175 responsum
927 2091 1023 2157 etiam
1059 2092 1094 2157 in
1130 2090 1280 2165 absentia
1300 2094 1425 2182 Pragen·

152 2190 235 2259 sium
258 2193 344 2261 dent
883 2280 886 2285 ,

234 2297 397 2388 Imprimis
427 2323 504 2368 vero
538 2299 691 2389 princeps
724 2294 797 2365 illos
826 2297 984 2363 allocutus
1018 2297 1090 2382 fuit,
1119 2307 1156 2366 ut
1177 2303 1343 2390 sequitur:
1372 2303 1427 2371 Sua

147 2401 251 2489 Regia
271 2404 425 2494 Majestas
448 2407 581 2494 dignata
603 2414 653 2471 est
684 2406 850 2492 suscipere
872 2412 903 2469 et
931 2402 1043 2469 audire
1073 2426 1187 2492 preces
1223 2416 1267 2473 et·
1288 2410 1423 2497 petitum,

151 2532 234 2598 quae
256 2511 362 2579 eidem
385 2513 557 2597 obtulistis,
580 2510 657 2577 inde
679 2509 760 2574 mihi
781 2506 937 2573 mandare
959 2506 1092 2594 dignata
1114 2508 1185 2594 fuit,
1207 2513 1301 2578 utin
1323 2534 1423 2579 neces·

147 2615 295 2683 sitatibus
318 2626 350 2683 et
372 2617 530 2704 angustiis
552 2616 670 2683 vestris
703 2636 763 2701 vos
786 2611 975 2697 exaudiam
1019 2623 1215 2703 quapropter
1230 2617 1331 2705 juxta
1351 2641 1427 2684 man·

146 2719 256 2788 datum
279 2720 364 2787 Suae
385 2720 565 2809 Majestatis
598 2742 657 2786 vos
691 2720 726 2785 in
758 2717 808 2783 his
843 2716 992 2805 omnibus
1028 2716 1141 2783 audire
1190 2712 1223 2785 et
1257 2722 1426 2789 secundum

148 2826 338 2891 mandatum
360 2848 413 2891 me
431 2848 546 2913 gerere
557 2824 650 2908 volo;
674 2825 917 2899 scitotcautem‚
940 2821 1291 2912 dominosPrageuses,
1314 2839 1427 2917 partem

147 2950 267 3016 nempe
299 2931 438 3016 primam
466 2930 538 3017 jam
571 2928 671 2993 fuisse
694 2927 834 3011 auditos3
868 2947 927 2991 vos
958 2928 1174 3007 nuncetiam,
1209 2951 1295 3016 quae
1327 2943 1427 3000 contra

145 3030 218 3097 illos
242 3031 468 3120 conquerenda
489 3030 625 3115 habetis,
648 3033 821 3096 insinuate.

234 3137 455 3224 Percipientes
489 3138 611 3226 captivi
640 3140 820 3202 sermonem
850 3134 948 3200 talem
989 3136 1239 3224 responderunt,
1274 3141 1426 3210 dicentes:

148 3240 234 3308 Suae
247 3241 371 3330 Regiae
392 3242 555 3332 Majestati
579 3242 709 3307 domino
731 3250 841 3307 nostro
865 3243 1099 3329 gratiosissimo
1122 3242 1302 3313 submissas
1319 3251 1426 3337 gratias

149 3345 330 3432 referimus,
364 3345 618 3435 dumnMajestas
651 3340 724 3437 Sua
751 3344 902 3445 dignetur
931 3357 1059 3418 nostras
1092 3351 1291 3423 humillimas
1325 3381 1426 3448 preces

147 3451 321 3538 respicere,
345 3460 378 3516 et
399 3451 506 3529 locum
527 3473 567 3516 ac
587 3472 760 3539 personam
783 3450 867 3518 Suae
890 3451 1080 3521 Serenitatis
1102 3479 1161 3544 pro
1184 3459 1281 3528 nobis
1304 3465 1426 3532 audien-

149 3554 199 3619 dis
223 3552 411 3649 assignare.
455 3556 540 3622 Suae
563 3555 737 3622 Serenitati
770 3556 889 3643 optime
921 3562 1032 3623 notum
1069 3572 1128 3645 est,
1163 3563 1265 3653 quod¹
1289 3580 1351 3637 nos
1374 3583 1426 3636 tam

151 3657 247 3746 longo
272 3669 426 3748 tempore,
448 3683 566 3749 nempe
583 3663 654 3749 jam
682 3660 849 3727 sexdecim
866 3662 1054 3747 septimanis
1076 3667 1111 3731 in
1133 3672 1227 3754 gravi
1250 3678 1426 3764 captivitate

149 3785 223 3828 cum
244 3762 362 3850 magno
384 3773 493 3831 nostro
517 3774 702 3853 contemptu
725 3768 795 3832 sine
817 3765 981 3832 auditione
1005 3778 1036 3834 et
1069 3769 1194 3861 absque
1217 3781 1307 3845 omni
1329 3792 1426 3850 nostra

146 3867 242 3957 culpa
264 3868 474 3955 detineamur,
498 3871 554 3937 ubi
576 3871 770 3937 afflictiones
791 3892 926 3956 magnas
948 3870 983 3936 in
1005 3875 1111 3941 auimo
1136 3866 1168 3945 et
1198 3885 1341 3967 sanitate
1360 3888 1425 3953 'ha-

19 3988 23 3997 ’
146 3971 261 4040 bentcs
295 3984 327 4040 et
350 3978 544 4042 sustinentes
567 3975 608 4056 ob
631 3976 887 4066 inquietudinem
910 3982 942 4040 et
964 3979 1143 4048 continuas·
1163 3989 1425 4075 perturbationes,

147 4079 242 4145 simul
280 4080 322 4146 ob
355 4103 420 4146 non
443 4082 596 4166 exiguum
621 4085 717 4149 etiam
738 4105 907 4161 numerum
938 4079 1086 4170 militum,
1122 4091 1177 4176 qui
1199 4114 1259 4159 nos
1284 4101 1425 4165 continuo

146 4181 203 4248 diu
224 4193 385 4272 noctuque
407 4185 669 4271 custodiverunt,
693 4203 886 4280 eapropter
915 4195 1056 4282 grandes
1091 4195 1233 4262 foetores
1268 4222 1426 4292 nunquam

147 4287 313 4353 commode
337 4298 368 4353 et
390 4288 493 4354 libere
515 4293 677 4378 potuimus
701 4294 741 4358 ad
765 4297 907 4364 invicem
930 4301 965 4365 in
987 4321 1086 4366 causa
1107 4309 1304 4371 nostrarum·
1324 4331 1426 4375 neces-

147 4390 278 4456 sitatum
301 4392 450 4481 colloqui,
485 4418 592 4483 neque
630 4396 687 4462 illa
720 4399 815 4467 nobis
838 4406 1054 4485 conscribere,
1087 4407 1152 4471 imo
1176 4430 1238 4475 nec
1261 4409 1350 4479 diem
1372 4438 1427 4504 qua

147 4495 323 4576 audiemur,
355 4501 556 4586 rescivimus,
580 4503 684 4568 donec
706 4527 792 4571 nunc
814 4530 834 4573 a
856 4509 973 4576 Vestra
988 4512 1168 4579 Serenitate
1190 4521 1301 4595 vocati
1322 4521 1426 4588 fuisse-

145 4621 234 4688 mus,
267 4624 443 4690 paravero
472 4617 585 4675 nostra
614 4608 753 4678 adversa
788 4635 916 4701 semper
944 4615 1046 4683 libere
1083 4619 1228 4699 consiliis
1258 4628 1428 4717 perpetuis,

144 4712 211 4773 tam
234 4728 309 4775 cum
329 4704 526 4803 domesticis,
560 4735 657 4800 quam
679 4714 804 4802 alienis,
839 4740 913 4786 cum
934 4718 1027 4789 laicis
1060 4732 1093 4792 et
1113 4723 1245 4795 ‘clericis
1274 4731 1430 4807 inteream
