2946 5086
593 360 597 369 '
625 351 774 419 CAPUT
794 351 826 417 4.

305 502 309 509 Ι
327 532 471 608 Ejusdem
493 527 593 591 fratris
615 531 748 592 Mathiae
763 531 922 590 'literarum
945 525 1165 611 continuatio·¹
1285 528 1289 535 ’

171 682 317 748 Tandem
340 681 422 747 diois
444 683 479 746 in
502 682 552 755 his
583 682 686 749 literis
719 682 760 748 de
792 702 870 748 vero
903 702 1000 746 sensu
1029 680 1112 768 legis
1133 683 1201 749 Dei
1235 694 1370 753 veterum
1415 688 1419 771 J

43 798 48 806 '
88 789 322 870 Taboritarum,
352 786 439 874 quod
461 786 562 865 fallax
592 797 624 854 et
654 788 835 853 haereticus
859 786 910 868 sit,
943 784 1002 850 ubi
1020 780 1130 851 tamen
1164 810 1229 855 nec
1261 798 1296 856 tu
1316 814 1368 858 neo
1416 794 1419 851 ζ

89 893 172 959 ullus
194 901 338 958 vestrum
361 890 555 957 exhibuistis
577 891 745 959 meliorem
768 900 801 956 et
821 888 1036 956 fundatiorem
1059 912 1201 977 sensum,
1235 915 1274 959 ac
1296 898 1368 960 sani·
1401 898 1419 971 ,’

89 1019 177 1063 orem
198 995 453 1081 intelligentiam,
482 996 579 1082 juxta
600 1004 826 1083 argumentum
847 994 925 1060 fidei
949 1016 991 1059 ex
1013 995 1174 1082 scriptura
1196 1003 1369 1066 testamenti

89 1100 190 1165 divini
213 1099 254 1164 de
277 1107 477 1165 sacramento
501 1100 645 1187 corporis
661 1098 798 1166 Christi.
824 1098 974 1186 Nequitia
997 1098 1084 1164 enim
1105 1096 1172 1167 ullo
1189 1090 1370 1191 simpliciter

88 1226 178 1270 sacro
211 1212 303 1269 textu
339 1226 381 1269 ex
411 1202 520 1269 verbis
550 1203 682 1288 Christi,
719 1212 775 1269 aut
820 1203 930 1269 verbis
963 1202 1180 1290 apostolorum
1198 1278 1201 1282 ,
1220 1208 1371 1296 quoddam

87 1318 309 1396 argumentum
333 1308 564 1391 demonstrare,
599 1317 631 1374 et
659 1310 692 1374 in
714 1330 794 1375 vero
817 1328 915 1373 sensu
948 1328 988 1373 ac
1010 1329 1089 1374 sano
1110 1309 1280 1378 intellectu
1308 1336 1370 1401 pro-

15 1452 18 1459 ·
88 1413 218 1496 ducere,
247 1421 283 1479 ut
312 1415 358 1477 ita
386 1413 579 1490 inveniatur,
615 1413 699 1478 siout
735 1435 793 1479 vos
831 1411 1015 1478 sacerdotes
1037 1412 1232 1501 Antichristi
1263 1417 1373 1485 habere

17 1558 20 1563 ·
88 1517 186 1584 vultis
209 1525 241 1583 et
266 1516 383 1600 dicitis,
407 1516 494 1603 quod
516 1538 574 1583 vos
603 1515 749 1585 habeatis
770 1516 936 1583 Christum
958 1516 1137 1593 Dominum
1161 1504 1375 1609 'personalem

89 1621 342 1704 substantialem,
378 1620 591 1705 essentialem,
626 1624 749 1707 vivum,
782 1645 802 1687 a
831 1621 976 1699 dexteris
997 1622 1062 1688 Dei
1085 1625 1120 1688 in
1143 1624 1244 1690 coelis
1268 1627 1375 1694 seden-

90 1736 165 1808 tem,
195 1727 232 1791 in
263 1725 376 1791 altaris
409 1734 632 1812 sacrament03
671 1727 712 1792 de
744 1726 810 1792 fide
831 1748 909 1792 vero
942 1725 1024 1792 illud
1064 1750 1131 1794 non
1152 1732 1296 1816 frenetis,
1327 1722 1377 1799 sed

91 1839 213 1897 tantum
235 1853 293 1918 pro
316 1831 419 1918 gloria
442 1832 619 1899 ethonore
640 1841 749 1899 vestro
772 1841 805 1898 et
826 1839 958 1920 propter
979 1834 1135 1920 pinguem
1165 1837 1380 1925 praebendam

86 1947 124 2005 et
157 1936 350 2005 beneficium
389 1937 471 2004 haec
503 1938 699 2026 profitemini
731 1960 839 2004 coram
869 1939 1113 2024 communitate,
1145 1950 1183 2006 ut
1215 1944 1380 2031 opinentur

90 2065 150 2110 vos
173 2064 245 2107 esse
273 2051 433 2108 creatores
454 2044 528 2127 Dei,
559 2053 654 2135 prout
684 2046 782 2109 etiam
809 2042 955 2109 auditum
976 2041 1046 2126 fuit,
1081 2043 1167 2129 quod
1202 2048 1323 2117 similia
1350 2048 1380 2113 in

93 2147 303 2214 concionibus
325 2147 509 2234 proferatis:
974 2170 980 2175 ·
1078 2174 1083 2183 ·

179 2251 306 2340 Objicis
329 2252 427 2317 etiam
448 2251 568 2339 literas,
592 2276 672 2342 quas
704 2255 898 2342 scripseram
927 2246 1182 2318 administratori
1205 2250 1238 2308 et
1261 2239 1380 2309 consis-

94 2359 188 2430 torio.
233 2356 287 2423 Ad
309 2354 390 2422 haec
422 2358 519 2424 etiam
541 2359 733 2448 respondeo,
771 2359 858 2449 quod
889 2377 1103 2445 quaecunque
1139 2353 1175 2416 in
1208 2347 1262 2412 his
1286 2344 1381 2412 literis

94 2463 219 2550 scripsi,
252 2462 422 2527 veritatem
452 2485 492 2528 ac
513 2464 714 2534 voluntatem
735 2465 800 2530 Dei
833 2462 1063 2552 omnipotentis
1097 2453 1299 2543 scripserim,
1331 2445 1380 2513 illo

94 2567 270 2633 auxiliante
292 2564 468 2633 condolens
490 2591 628 2655 magnae
662 2572 801 2659 injuriae
835 2577 867 2635 et
894 2566 1048 2634 infernali
1079 2562 1163 2644 odio,
1198 2580 1286 2647 quae
1306 2553 1380 2622 veri

94 2673 152 2736 tati
175 2670 244 2754 ejus
266 2669 425 2737 violenter
446 2673 629 2740 inferuntur
662 2685 696 2741 et
728 2672 892 2741 fidelibus·
902 2671 1025 2739 Christi
1053 2665 1210 2733 membris
1232 2661 1276 2728 ab
1299 2657 1381 2725 Anti·

95 2774 225 2850 christo,
249 2783 281 2839 et
301 2774 396 2840 vobis
415 2776 490 2842 filiis
515 2780 661 2866 ejusdem
680 2781 771 2864 fiunt,
794 2801 853 2867 pro
877 2801 942 2867 qua
957 2775 1100 2843 evidenti
1116 2770 1241 2839 Christi
1254 2763 1380 2832 Domini

95 2878 242 2961 veritate,
262 2900 330 2943 non
351 2889 476 2946 tantum
499 2882 666 2952 diuturnos
690 2909 847 2967 carceres,
870 2887 935 2950 imo
959 2899 1167 2971 quascunque
1193 2872 1381 2939 afflictiones

96 2982 273 3048 auxiliante
294 2983 367 3049 Deo
390 2988 557 3053 sustinere·
579 2999 711 3078 paratus
732 2992 788 3075 fui,
821 3000 853 3056 et
874 2991 1052 3076 hucusque,
1085 2984 1113 3048 si
1137 2982 1209 3070 ejus
1238 2977 1380 3044 voluntat

98 3095 211 3153 sancta
231 3086 323 3165 foret,
347 3090 446 3156 vitam
468 3115 575 3160 meam
598 3097 724 3180 offerre,
743 3106 781 3183 ¹et
803 3115 1038 3185 quamcumque
1068 3085 1236 3155 oru‘delem
1252 3088 1379 3148 mortem

98 3190 207 3257 subire
230 3191 370 3280 vellem3
394 3195 476 3264 haec
496 3186 575 3266 vcro
608 3202 718 3268 omnia
750 3203 784 3265 in
817 3223 870 3266 me
903 3201 974 3287 ipso
1004 3218 1069 3261 non
1096 3182 1245 3272 fundavi,
1278 3202 1381 3252 verum

100 3297 205 3366 omnis
226 3318 299 3363 mea
322 3321 407 3386 spes,
437 3303 567 3391 fiducia,
598 3305 787 3372 confortatio
821 3313 854 3369 et
892 3300 1037 3392 potentia
1071 3296 1113 3362 ad
1141 3295 1225 3360 haee
1259 3284 1295 3357 in
1316 3288 1381 3354 Deo

96 3402 165 3468 ⁸010
186 3401 325 3487 filerunt,
348 3408 425 3475 inde
448 3411 552 3476 omnis
574 3408 731 3477 violentia
751 3408 954 3490 Antichristi,
979 3416 1010 3470 et
1031 3406 1144 3492 portae
1165 3395 1289 3465 inferni
1309 3388 1384 3458 nihil

97 3525 226 3591 efficere
248 3525 422 3610 potuerunt
452 3523 564 3583 contra
585 3515 693 3580 Deum
717 3515 820 3581 solum
851 3518 1027 3603 potentem,
1056 3529 1120 3573 neo
1147 3510 1263 3571 contra
1278 3498 1382 3566 iidem

96 3651 211 3695 meam.
255 3626 347 3691 Haec
368 3622 442 3690 ideo
462 3621 583 3702 scribo,
606 3643 648 3685 ne
665 3619 832 3708 judicetis,
855 3617 942 3707 quod
964 3615 1006 3681 de
1026 3613 1078 3680 his
1108 3608 1295 3677 carceribus
1318 3624 1384 3670 con·

97 3755 223 3822 querar,
246 3740 301 3796 aut
322 3749 464 3814 unquam
486 3733 680 3813 conquestus
701 3724 827 3808 fuerim,
858 3730 913 3788 aut
934 3718 1069 3785 horrore
1089 3712 1273 3804 perculsus.
1317 3708 1381 3773 Imo

98 3861 141 3904 ex
163 3836 342 3902 humilitate
363 3838 478 3922 loquor
512 3839 544 3896 et
567 3853 610 3895 cx
630 3829 695 3895 fide
717 3829 873 3916 profiteor
891 3848 965 3905 cum
987 3819 1152 3911 apostolis,
1177 3815 1268 3904 quod
1279 3810 1384 3881 Domi·

98 3966 159 4009 nus
181 3943 273 4009 Deus
294 3939 375 4005 mihi
397 3960 461 4003 non
483 3935 610 4002 dederit
632 3935 780 4022 spiritum
813 3933 937 3999 timoris
968 3937 1001 3996 et
1020 3926 1174 4006 horroris,
1209 3921 1270 3987 scd
1298 3918 1384 4007 spiri·

98 4060 166 4115 tum
187 4040 396 4127 constantiae,
424 4052 467 4109 'et
487 4041 567 4108 haec
590 4041 720 4130 quidem
755 4063 796 4105 ex
826 4038 931 4124 gratia
952 4035 1017 4102 Sua
1040 4038 1169 4113 sancta3
1200 4044 1384 4133 concessum

100 4155 196 4219 etiam
218 4150 296 4216 mihi
319 4150 388 4231 fuit,
422 4170 488 4212 non
509 4155 633 4212 tantum
657 4147 692 4213 in
714 4145 879 4213 Christum
902 4141 1080 4207 Dominum
1102 4131 1248 4215 credere,
1280 4129 1338 4195 sed
1361 4134 1388 4190 et

99 4281 158 4347 pro
180 4258 235 4323 illo
257 4258 329 4344 ipso
364 4253 543 4320 auxiliante
578 4253 686 4317 omnia
715 4251 801 4317 mala
831 4250 1001 4328 sustinere,
1030 4242 1071 4308 de
1093 4237 1212 4326 quibus
1233 4232 1386 4302 omnibus

102 4365 132 4428 ei
154 4365 196 4428 sit
218 4363 414 4449 sempiterna
434 4359 506 4425 laus
530 4367 562 4423 et
594 4356 886 4444 gratiarumactio.
929 4351 1003 4417 Non
1021 4345 1119 4420 ‚nobis
1141 4343 1297 4424 Domine,
1330 4358 1388 4403 non

99 4467 205 4545 nobis,
222 4467 280 4531 sed
301 4465 424 4531 nomini
435 4464 506 4530 Tuo
530 4463 572 4530 da
584 4462 738 4550 gloriam3
760 4461 882 4527 veritas
898 4456 983 4557 euim
999 4453 1071 4518 Tua
1083 4444 1273 4535 triumphat,
1296 4442 1390 4511 vincit

101 4582 135 4637 et
154 4578 342 4659 perseverat
363 4570 397 4634 in
419 4568 548 4634 saccula
571 4565 782 4632 saeculorum.

185 4674 246 4741 Ais
269 4675 375 4757 etiam,
399 4694 451 4737 me
473 4673 555 4739 nihil
578 4672 653 4749 illis,
668 4665 670 4671 ’
688 4691 749 4745 nec
772 4667 853 4732 mihi
878 4661 1064 4753 profecisse,
1099 4664 1132 4722 et
1153 4677 1206 4721 me
1229 4654 1305 4720 ideo
1327 4672 1391 4719 esse

96 4777 255 4847 miserum
271 4784 313 4847 ,et
331 4798 529 4867 pauperem3
563 4776 707 4842 adhaec
729 4773 821 4840 dico:
853 4793 876 4836 o
895 4766 1028 4834 miseria
1048 4770 1089 4830 et·
1102 4768 1309 4851 paupertate,
1333 4759 1392 4825 imo
