2946 5086
1192 240 1205 333 χ
1324 224 1387 311 ru

85 408 249 499 sapientia
270 409 387 476 Vestra
409 407 638 507 etlintellectu,
659 419 787 500 praeter
809 433 940 478 sensum
963 402 1094 496 Christi,
1115 420 1244 501 praeter
1265 404 1387 504 scripta

83 515 203 581 borum
237 523 374 602 quatuor
408 513 540 581 testium
564 514 840 603 supradictorum
870 522 902 582 et
932 524 1062 604 praeter
1107 516 1282 605 quemlibet
1315 540 1386 609 sen·

84 643 157 686 sum
181 620 363 709 scripturae
386 619 468 707 legis
504 609 634 687 diuinae
666 621 873 704 mandantes,
915 628 948 686 et
976 629 1129 707 cogentes
1162 626 1274 688 contra
1304 621 1387 691 haee

84 727 206 810 omnia,
242 734 274 790 et
306 733 418 791 contra
439 724 603 814 propriam
626 747 717 800 suam
740 714 980 808 conscientiam,
1003 734 1038 790 ut
1060 725 1154 792 vobis
1177 723 1312 793 credant
1351 736 1383 795 et

83 829 309 919 profiteantur,
333 829 368 893 in
391 837 592 897 sacramento
604 829 729 897 visibili
740 829 853 895 alteris
863 850 980 917 corpus
1007 818 1241 916 etsanguinem
1262 830 1386 899 Christi

84 939 203 1000 verum
224 933 334 999 Deum
365 924 398 999 et
418 932 582 999 hominem
603 934 647 999 in·
662 954 720 1001 sua
741 935 875 1022 propria
907 930 1086 999 substantia
1120 955 1198 1000 suae
1226 924 1384 1010 naturalis

85 1038 258 1115 essentiae,
283 1058 380 1125 quam
402 1035 517 1105 sumsit
539 1037 580 1104 de
602 1036 706 1104 Maria
747 1037 883 1126 Virgine
906 1043 1011 1122 natus,
1034 1047 1067 1104 et
1088 1035 1180 1106 sedet
1201 1060 1222 1106 a
1242 1038 1388 1107 dexteris
1427 1099 1430 1105 .

83 1141 151 1208 Dei
174 1140 427 1230 Omnipotcntis.
476 1236 481 1247 1

624 1318 786 1400 [untur
811 1333 864 1398 1s.
992 1278 995 1287 ⁵

416 1473 640 1581 Continuantur
661 1452 764 1540 literas
789 1476 891 1538 fratris
914 1475 1059 1551 Mathiae.

171 1661 326 1730 Secundo
359 1663 461 1730 vultis
480 1673 516 1730 ut
537 1663 630 1732 vobis
649 1664 803 1739 credant*
821 1674 853 1732 st
884 1663 1104 1754 profiteantur,
1139 1661 1226 1752 quod
1258 1663 1293 1728 in
1315 1684 1384 1732 sao·
1458 1671 1464 1679 '

86 1775 232 1834 ramento
256 1775 288 1834 et
319 1769 354 1833 in
390 1772 602 1836 monstrantia
635 1771 678 1837 sit
699 1793 817 1860 eorpus
839 1779 872 1836 et
893 1770 1025 1856 sanguis
1046 1768 1127 1834 Jesu
1150 1765 1272 1833 Christi
1293 1769 1387 1857 unita¹

85 1870 220 1958 Deitati,
253 1870 379 1964 habens
410 1876 602 1961 sanguinem
639 1885 672 1942 et
700 1877 852 1969 animam,
896 1897 994 1963 quam
1027 1874 1136 1955 emisit
1176 1858 1325 1954 doloroso
1347 1868 1390 1940 in¹

88 1997 182 2043 cruce
202 1978 346 2043 moriens
355 1970 414 2067 pro
436 1981 722 2068 peccatisnostris
746 1988 806 2046 etc.
828 1977 883 2058 Ad
898 1979 980 2046 haec
1001 1979 1110 2045 omnia
1135 1975 1258 2043 nullam
1280 1978 1383 2068 scrip·

88 2090 189 2147 turam
224 2104 365 2175 sacram¹
384 2082 511 2150 habetis
543 2085 578 2150 in
608 2092 675 2151 toto
688 2084 889 2161 ¹testamento
905 2083 1044 2168 divino,
1089 2106 1152 2150 nec
1180 2086 1215 2150 in
1242 2084 1383 2153 lectione

90 2206 179 2253 sacra
200 2186 375 2257 verborum
398 2187 529 2275 Christi,
551 2211 615 2256 nec
635 2189 732 2256 dictis
767 2189 995 2278 apostolorum,
1028 2190 1244 2277 nequeenim
1267 2172 1380 2257 Chris·

89 2297 143 2377 tus,
179 2315 242 2359 nec
275 2292 360 2360 ullus
391 2293 610 2383 apostolorum
650 2317 792 2385 unquam
827 2294 909 2361 haec
952 2293 1141 2378 docuerunt,
1173 2274 1382 2384 seripserunt,

91 2391 185 2464 locuti
207 2408 291 2484 sunt,
314 2422 376 2466 nee
399 2402 591 2488 cogitarunt,
614 2410 730 2492 neque¹
745 2423 855 2470 eorum
878 2422 1035 2488 sequaces
1056 2396 1181 2484 fideles,
1203 2401 1276 2465 veri
1308 2400 1383 2469 doe·

90 2507 170 2570 tores
193 2503 279 2591 legis
301 2503 441 2590 divinae,
477 2515 510 2572 et
532 2493 711 2595 scripturae
733 2506 817 2574 Jesu
841 2503 974 2599 Christi,
1009 2505 1066 2594 qui
1087 2502 1184 2592 paulo
1202 2496 1293 2571 an'te
1323 2499 1383 2573 nos

88 2603 230 2692 fierunt,
252 2616 285 2674 ot
306 2608 412 2677 adhuc
435 2618 519 2694 sunt,
541 2609 697 2700 populum
720 2611 766 2676 ita
787 2607 1179 2693 docuerunt,‘etadhaec
1191 2629 1258 2674 non
1280 2608 1382 2679 duxe-

84 2721 169 2790 runt,
203 2721 241 2778 ut
273 2712 444 2780 crederent
479 2713 648 2811 Christum
667 2714 847 2782 Dominum
868 2735 983 2782 verum
1012 2712 1124 2780 Deum
1153 2721 1186 2778 et
1217 2711 1382 2784 hominem

84 2815 356 2902 substantialiter,
381 2820 465 2885 siout
486 2841 506 2884 a
528 2817 673 2885 dexteris
695 2817 762 2889 Dei
783 2818 890 2885 Patris
912 2819 947 2883 in
969 2817 1061 2884 coelo
1084 2815 1184 2904 sedet,
1213 2821 1249 2887 in
1270 2821 1382 2890 altaris

77 2923 300 2989 monstrantia
322 2916 448 3007 adesse,
484 2931 517 2988 et
538 2922 750 3011 profiteantur
772 2945 911 3012 eumque
933 2920 1078 3006 adorent,
1102 2923 1187 2990 sicut
1209 2949 1269 2992 vos
1285 2927 1397 2995 auda*

78 3045 135 3092 ces
167 3025 326 3116 praelati3
358 3026 416 3092 sed
449 3026 628 3093 docuerunt
661 3014 789 3115 semper
820 3026 986 3117 populum,
1020 3052 1062 3096 ne
1104 3027 1146 3094 de
1178 3041 1381 3100 sacramento

77 3132 231 3223 corporis
266 3140 298 3196 et
321 3132 488 3221 sanguinis
511 3131 732 3199 domininon
752 3131 954 3215 discurrant,
989 3132 1164 3221 disputent,
1198 3127 1260 3201 nec
1282 3136 1382 3204 dime-

76 3236 223 3320 tiantur,
263 3235 322 3301 sed
341 3244 380 3303 ut
401 3234 604 3324 simplicibus
637 3236 718 3302 Jesu
741 3235 862 3303 Christi
885 3236 1028 3305 credant.
1060 3236 1127 3303 Vos
1148 3261 1227 3305 vero
1249 3241 1284 3306 in
1307 3264 1382 3308 con·

76 3343 221 3408 tranium
244 3340 354 3407 omnia
383 3341 489 3428 agitis,
524 3350 556 3406 et
592 3342 776 3429 quicunque
808 3340 986 3406 secundum
1023 3340 1130 3429 legem
1151 3342 1218 3408 Dei
1251 3353 1284 3410 et
1312 3347 1380 3414 leo·
1397 3354 1423 3409 .'

79 3449 210 3513 tionem
241 3442 365 3512 Christi
393 3443 531 3510 Domini
561 3467 596 3510 se
619 3443 761 3538 dirigere
783 3443 892 3528 vellet,
925 3444 1014 3510 etin
1045 3469 1143 3515 sensu
1173 3452 1315 3541 simplici
1348 3463 1381 3521 et

79 3549 198 3617 verbis
221 3547 346 3615 domini
367 3549 554 3632 subsistere,
577 3548 653 3614 huic
674 3571 736 3615 nec
758 3548 848 3637 loqui
869 3547 1051 3627 admittitis,
1071 3571 1133 3618 neo
1154 3554 1247 3621 illum
1266 3555 1380 3626 sudus

79 3653 196 3737 uultis,
218 3648 281 3753 neo
301 3653 370 3719 fers
391 3652 500 3719 nullae
523 3653 835 3740 scripturaesacrae
857 3651 964 3719 locum
987 3650 1065 3719 dare
1087 3655 1202 3745 vultis,
1225 3662 1284 3728 sed
1295 3685 1379 3750 quae

80 3758 176 3826 vobis
215 3750 360 3826 finxistis
390 3768 424 3824 et
458 3768 567 3826 vestro
600 3758 768 3826 intellectu
797 3758 1021 3842 confirmastis,
1053 3759 1149 3825 etiam
1182 3758 1319 3852 velletis,
1342 3778 1379 3835 ut

84 3888 198 3932 omnes
222 3866 269 3931 ita
292 3864 435 3948 credant,
459 3872 491 3930 et
512 3863 555 3930 ad
576 3862 634 3930 illa
655 3865 690 3930 vi
712 3872 745 3929 et
766 3865 921 3931 violentia
943 3863 1032 3928 omni
1054 3864 1219 3934 credenda
1241 3869 1377 3959 impelli-

84 3972 125 4036 tis
148 3979 181 4036 et
203 3969 340 4056 cogitis3
364 3969 518 4057 quivero
541 3968 592 4034 his
615 3970 798 4034 consentire
820 3967 930 4051 nollet,
952 3966 1044 4033 illum
1066 3968 1108 4034 de
1131 3973 1323 4042 consistorio
1347 3986 1380 4044 et

86 4095 127 4141 ex
148 4082 328 4164 conspectu
350 4081 458 4141 vestro
481 4070 571 4139 abire
590 4071 723 4160 jubetis,
746 4070 926 4137 aotandem
948 4073 982 4137 in
1005 4071 1127 4139 curiam
1143 4075 1279 4161 traditis,
1303 4079 1381 4148 licet

84 4174 118 4244 in
140 4179 353 4248 concionibus
376 4176 633 4262 vestrisdicatis,
656 4175 741 4266 quod
757 4175 859 4242 libere
881 4164 1004 4262 absque
1017 4179 1182 4246 coactione
1193 4182 1380 4269 procedant

84 4283 277 4351 Etiamhoc
298 4283 454 4368 injustum
477 4292 510 4349 et
530 4282 647 4350 falsum
681 4290 749 4366 est3
786 4280 812 4346 si
835 4282 922 4346 enim
944 4280 1017 4346 illos
1039 4305 1104 4349 non
1127 4286 1296 4371 cogeretis,
1321 4294 1380 4355 our

88 4412 160 4478 ergo
184 4389 318 4479 quidam
341 4390 437 4455 etiam
457 4411 518 4476 per
539 4397 666 4476 tempus
689 4387 789 4454 medii
811 4387 887 4452 anni
900 4386 1038 4474 opificiis
1061 4389 1128 4455 suis
1150 4391 1328 4457 tractandis
1343 4402 1381 4479 et

86 4494 247 4563 alimentis
270 4493 464 4583 quaerendis
495 4492 720 4572 destituuntur,
751 4493 887 4580 aliisque
918 4492 1067 4559 omnibus
1099 4495 1146 4560 ita
1166 4495 1280 4562 minati
1303 4498 1380 4564 estis

87 4601 267 4688 pulsionem
289 4597 461 4681 eoivitate,
485 4616 632 4664 carceres
644 4597 769 4663 stelias
786 4595 989 4662 afflictiones.
1011 4596 1055 4663 Et
1065 4596 1148 4691 haee
1162 4600 1270 4665 omnia
1283 4584 1392 4689 prop-¹

86 4713 186 4774 terte
207 4703 365 4791 magister
387 4701 482 4770 Calle
505 4711 538 4768 et
559 4711 632 4770 tuos
654 4696 789 4773 elericos
798 4701 890 4769 fideli
901 4702 1020 4792 populo
1042 4704 1134 4773 fiunt.
1156 4703 1282 4781 Sivero
1297 4701 1380 4775 haee

86 4833 145 4880 non
157 4816 289 4890 essent,
301 4830 364 4877 nec
375 4815 531 4882 centenus
552 4807 766 4895 haec-iniret3
789 4832 863 4877 cum
875 4829 985 4879 veroa
1001 4806 1095 4880 vobis
1110 4817 1278 4898 cogantur,
1298 4809 1383 4877 fides

1140 4916 1192 4986 bb
