2946 5086
1288 180 1349 299 111

76 416 238 494 1111111111,
261 409 410 475 notitiam
432 428 510 474 vero
533 403 750 495 expeditionis
773 427 858 489 suae,
890 412 922 470 et
944 425 1026 492 quae
1048 410 1122 470 acta
1142 403 1270 487 fuerint,
1294 404 1351 470 ho-

76 513 206 599 liednm,
237 536 300 603 nec
322 512 554 597 communitati,
577 534 639 576 nec
661 512 796 596 senatui,
828 532 889 576 nee
911 507 990 575 alibi
1020 517 1262 592 recensuerunt,
1293 509 1358 574 imo

75 620 184 703 udico,
210 619 300 707 quod
319 617 378 684 illa
398 625 573 706 perpetuae
596 615 752 682 oblivioni
781 614 919 693 tradent,
944 621 1092 702 excepto,
1116 613 1357 703 quodquidam

76 745 98 788 n
119 722 352 790 communitate
376 710 553 811 sparserint
574 744 609 787 se
626 719 793 810 jactando,
824 743 860 786 se
890 721 997 785 omnia
1029 717 1115 785 bona
1151 720 1360 809 expedivisse

75 837 100 892 11
119 848 326 923 procurasse,
349 849 431 914 quae
452 836 561 892 autem
605 835 638 892 11
671 825 831 914 quomodo
863 825 1032 908 actasint,
1066 823 1286 909 occultantes3
1318 823 1360 891 ab

75 931 138 998 eliis
160 940 273 999 autem
293 931 359 997 fide
382 930 501 1017 dignis,
525 932 580 1018 qui
603 931 700 996 etiam
721 929 843 995 ibidem
872 928 1052 1012 adhierunt,
1091 930 1199 995 omnia
1231 930 1360 1017 prodita

75 1036 208 1121 uerunt,
229 1044 266 1102 ut
288 1037 470 1103 continetur
492 1058 563 1124 cap.
584 1035 636 1100 20.
660 1035 756 1123 hujus
778 1033 863 1101 libri.

152 1142 269 1231 Itaque
293 1164 367 1230 spes
389 1164 476 1209 vana
509 1140 709 1229 quorundam
743 1140 991 1206 obtinendorum
1021 1138 1201 1205 officiorum
1223 1138 1359 1205 clerica-

75 1245 148 1312 lium
172 1258 205 1312 et
226 1247 400 1331 laicalium,
424 1248 502 1312 item
523 1246 817 1312 remunerationum
846 1244 992 1328 aliarum,
1023 1265 1106 1332 quae
1140 1241 1271 1331 quidam
1303 1266 1356 1309 ex-

75 1359 307 1438 spectaverunt,
330 1353 421 1416 utin
443 1350 526 1417 libro
548 1353 652 1439 primo
674 1358 819 1416 notatum
840 1348 918 1433 fuit,
932 1351 968 1415 in
988 1347 1126 1414 nihilum
1138 1345 1270 1413 redacta
1290 1347 1360 1415 fuit.

75 1454 155 1520 Dum
177 1457 289 1543 itaque
311 1454 392 1521 haec
425 1456 533 1521 omnia
555 1454 775 1544 Pragensibus
808 1453 986 1521 annihilata
1016 1452 1162 1536 fuissent,
1198 1453 1360 1541 processi·

78 1579 166 1624 onem
189 1559 333 1646 corporis
357 1558 478 1627 Christi
502 1559 668 1625 solennem
690 1583 749 1647 per
770 1558 884 1625 urbem
904 1558 1114 1623 instituerunt
1144 1577 1186 1622 ex
1208 1557 1358 1623 omnibus

76 1662 231 1747 parochiis
252 1663 288 1726 in
309 1684 409 1728 unum
431 1664 631 1751 congregati,
661 1670 877 1729 convocantes
901 1662 1027 1749 copiam
1059 1672 1264 1749 armatorum,
1299 1687 1359 1754 per

79 1770 138 1836 vias
160 1779 194 1837 et
226 1769 353 1858 plateas
375 1768 410 1831 in
431 1790 585 1855 magnum
597 1768 777 1835 incolarum
789 1767 944 1832 damnum
966 1776 998 1832 et
1019 1770 1264 1857 praejudicium,
1288 1792 1361 1836 eum

82 1873 153 1940 tubis
168 1884 201 1940 et
223 1872 400 1962 tympanis,
426 1895 500 1938 cum
523 1874 611 1938 omni
623 1870 766 1939 clericali
789 1880 821 1937 11
835 1871 944 1936 laicali
960 1882 1128 1961 apparatu,
1151 1897 1242 1941 arma
1262 1874 1364 1942 multa

84 1981 192 2068 majora
207 1988 241 2044 et
261 1979 388 2043 minora
400 1999 473 2043 oum
489 1979 657 2043 tormentis
673 1976 760 2065 apud
784 1978 905 2041 curiam
922 1986 1140 2064 exponentes3
1163 1978 1364 2051 haecomnia

74 2084 248 2150 secundum
270 2082 402 2148 illorum
423 2083 583 2148 intentum
606 2082 648 2147 ad
671 2081 801 2147 laudem
824 2088 857 2146 11
879 2080 1014 2167 gloriam
1034 2080 1100 2147 Dei
1121 2093 1271 2171 agentes3
1295 2084 1364 2173 qui-

82 2181 140 2255 dam
163 2211 237 2255 cum
271 2186 402 2254 vexillis
436 2186 578 2253 tribuum
608 2187 850 2275 processionem
880 2195 1138 2272 praecesserunt,
1172 2187 1229 2254 alii
1263 2190 1365 2255 secuti

78 2303 149 2360 flunt.
195 2293 266 2358 Imo
284 2291 409 2381 judico,
442 2291 566 2357 nullum
589 2313 732 2379 unquam
754 2290 795 2355 de
817 2288 973 2355 Bohemis
1005 2300 1081 2357 ante
1103 2291 1166 2357 hoc
1187 2292 1286 2359 talem
1308 2295 1364 2359 tri-

75 2398 235 2486 orphum,
259 2405 291 2462 et
312 2396 354 2461 ad
376 2394 506 2461 laudem
528 2395 593 2460 Dei
615 2406 815 2484 paparatum,
850 2394 1042 2482 praesertim
1075 2397 1110 2461 in
1131 2396 1290 2462 Bohemia
1319 2398 1366 2462 vi·
1447 2434 1460 2463 ι

74 2490 162 2585 11111,
197 2501 263 2568 nisi
286 2510 430 2588 tempore
459 2500 596 2566 Joannis
628 2484 740 2584 Zraka,
773 2498 849 2565 dum
883 2522 955 2565 cum
985 2498 1148 2567 'haberitis
1178 2502 1213 2566 in
1243 2501 1366 2590 campis

78 2611 232 2690 acuisset,
265 2614 297 2670 et
319 2604 396 2671 dum
420 2605 606 2670 sacerdotes
631 2627 703 2670 cum
726 2612 928 2670 sacramento
963 2605 1107 2693 corporis
1131 2604 1252 2670 Christi
1282 2605 1367 2672 inter

74 2701 137 2780 llos
171 2709 458 2800 processionaliter
491 2711 679 2793 exivissent,
716 2711 808 2796 quasi
839 2707 913 2774 illos
956 2708 998 2773 ad
1030 2707 1220 2775 bellandum
1253 2720 1368 2777 contra

74 2818 216 2883 nimicus
236 2815 428 2881 incitassent
449 2836 508 2902 pro
531 2813 653 2880 honore
677 2823 709 2879 et
731 2800 827 2881 laude
849 2813 926 2878 Dei.
963 2815 1049 2901 Opto
1071 2812 1157 2878 bona
1179 2836 1239 2901 pro
1261 2815 1366 2891 vobis,

74 2915 156 2988 bari
177 2920 380 3007 Pragcnses!
404 2917 445 2983 de
481 2918 537 2983 tali
574 2921 820 3003 christianitate,
858 2918 935 2983 dum
965 2917 1132 3005 judicatis,
1167 2919 1253 3007 quod
1275 2919 1369 2986 Deus

74 3028 216 3092 1111111111
238 3033 272 3090 11
292 3024 440 3089 advertat
470 3022 547 3087 talia
568 3032 678 3089 vestra
699 3045 799 3096 arma,
830 3032 990 3087 tormenta
1025 3032 1057 3087 et
1079 3022 1159 3088 alios
1182 3033 1366 3112 apparatus,

73 3144 101 3195 [1
122 3129 277 3197 cordibus
290 3137 398 3194 autem
414 3129 531 3194 vestris
554 3127 627 3216 plus
643 3128 786 3193 malitiae
809 3136 841 3192 ct
852 3149 1028 3214 perversae
1042 3128 1231 3192 intentionis
1255 3138 1368 3194 contra

73 3236 234 3303 ›roximos
252 3243 379 3301 vestros
402 3232 530 3316 fovetis,
554 3255 649 3320 quam
666 3254 768 3320 grana
782 3252 901 3297 arenae
923 3228 957 3294 111
980 3232 1062 3294 mari
1085 3232 1243 3315 existant3
1265 3232 1368 3298 haec-

73 3356 109 3405 11
127 3339 290 3421 voluistis,
311 3345 350 3403 ut
370 3337 460 3425 Papa
482 3345 624 3402 vestram
644 3337 886 3424 protervitatem
910 3341 943 3398 et
963 3356 1082 3398 vanarn
1103 3336 1270 3401 stultitiam
1293 3360 1367 3403 con-

73 3434 204 3510 ffirmet?
225 3443 409 3509 Laetamini
432 3466 475 3508 ex
496 3443 568 3526 hoc,
592 3443 678 3531 quod
690 3444 822 3509 uomina
843 3449 953 3506 vestra
974 3440 1096 3506 Romae
1111 3443 1270 3530 inscripta
1291 3447 1367 3510 sint.

73 3539 131 3613 [lla
152 3557 261 3614 autem
284 3544 325 3614 do
347 3547 399 3614 his
415 3556 539 3613 tantum
552 3548 711 3630 dicuntur,
736 3549 791 3634 qui
814 3545 895 3611 tales
907 3565 1023 3610 revera
1046 3553 1141 3622 sunt3
1165 3545 1257 3612 Deus
1281 3550 1368 3615 enim

73 3654 171 3718 etiarn
192 3652 279 3717 inter
311 3651 385 3717 illos
417 3673 492 3718 suos
527 3652 646 3718 eleetos
670 3651 777 3717 habet.
823 3651 866 3715 Et
888 3670 1025 3715 curvos
1059 3647 1201 3715 ludibrio
1230 3674 1368 3740 quorun·

73 3748 140 3822 lam
161 3758 297 3824 aliorum
328 3756 546 3822 Bohemorum
570 3758 733 3845 exponitis
768 3764 800 3820 11
821 3746 875 3820 res
897 3776 998 3822 vanas
1021 3755 1186 3841 quaeritis,
1217 3778 1256 3823 ao
1279 3778 1364 3823 eom-

73 3863 169 3946 pades
193 3862 274 3928 tales
298 3860 491 3926 assumitis?
513 3883 594 3949 quos
610 3860 736 3925 alienae
758 3867 871 3945 gentes
894 3860 1171 3947 circumjacentes,
1195 3858 1366 3928 laudantes

73 3958 176 4034 Deum
199 3990 242 4034 ex
264 3989 299 4032 se
322 3965 490 4054 dejiciunt,
513 3968 652 4032 scientes
676 3975 708 4029 et
736 3973 961 4049 agnoscentes,
986 3964 1072 4051 quod
1091 3978 1282 4053 comportato
1304 3990 1368 4032 aon

73 4072 132 4136 sint
144 4096 208 4162 pro
236 4072 450 4161 emolumento,
486 4070 544 4136 sed
566 4092 684 4157 magno
711 4069 905 4134 detrimento
922 4078 960 4133 Ι11
982 4069 1207 4135 imminutione
1235 4071 1367 4137 honoris

77 4182 112 4238 et
129 4175 232 4242 laudis
254 4175 331 4260 Dei,
355 4197 394 4240 ac
416 4183 590 4262 augmento
614 4172 830 4240 dissidiorum.
868 4171 1081 4258 Interrogate,
1103 4175 1141 4259 in
1161 4175 1249 4262 quali
1271 4177 1366 4243 aesti-

73 4282 209 4347 matione
231 4280 318 4369 apud
343 4278 453 4345 sedem
477 4280 654 4346 Romanam
690 4279 818 4359 fuerint,
850 4299 957 4362 aqua
986 4276 1073 4343 edita
1094 4279 1233 4363 fuerunt,
1267 4282 1368 4347 nomi-

77 4385 171 4450 nsum
191 4406 271 4451 vero
293 4383 335 4450 ab
346 4384 582 4473 AeneaSylvio
604 4393 746 4472 protunc
768 4384 931 4472 pontifice,
955 4383 1032 4450 dum
1053 4384 1096 4449 ad
1118 4385 1209 4450 illum
1232 4383 1368 4453 Romam

84 4480 207 4557 Bohemi
230 4510 290 4576 pro
313 4488 558 4557 confirmatione
584 4488 758 4555 eorundem
783 4498 929 4576 tempore
952 4491 1039 4576 regis
1063 4489 1197 4574 Georgii
1229 4491 1368 4559 advene·

89 4602 157 4671 unt,
187 4615 306 4681 nempe
328 4592 478 4660 dominus
499 4594 677 4681 Procopius
708 4592 749 4658 de
771 4592 938 4677 Rabstein,
963 4578 1131 4681 supremus
1156 4595 1368 4662 cancellarius

91 4700 165 4781 ugni
179 4697 371 4784 Bohemiae,
395 4698 543 4765 dominus
566 4698 712 4778 Zdenko,
746 4700 901 4785 magister
923 4697 1136 4766 Wenceslaus
1158 4699 1314 4767 Koranda
1336 4710 1369 4768 et

93 4793 143 4885 uu,
161 4802 205 4873 ita
224 4804 314 4894 quod
335 4803 419 4874 nihil
442 4803 619 4890 effecerint,
652 4805 735 4872 sicut
756 4825 826 4889 vos,
849 4811 939 4872 1111
962 4803 1051 4872 inani
1083 4813 1216 4895 peracta
1244 4808 1374 4876 reversi

1125 4910 1177 4979 11

72 4980 81 5057 't
