2946 5086
140 110 206 182 231

136 309 197 356 sex
217 287 314 357 horas
335 310 492 378 generose
515 308 557 356 ex
578 293 714 375 1111111
735 292 827 378 parte
853 290 1029 374 pugnatum
1050 282 1166 351 fnisset
1186 291 1299 353 11111
1319 307 1425 377 snpra·

136 393 224 463 dicta
258 395 400 483 quinque
436 395 538 464 millia
581 392 728 477 militum,
763 399 796 458 et
827 400 938 458 contra
974 390 1099 479 copiam
1121 389 1340 457 Romanorum
1370 416 1424 480 pro

134 499 240 589 patria
260 497 481 566 indesinenter
502 502 701 584 certantium,
736 508 768 564 et
789 504 900 565 contra
920 494 1021 560 multa
1051 502 1083 560 et
1108 494 1244 580 grandia
1270 505 1426 564 tormenta

136 625 175 669 ac
206 602 346 669 tonitrua
376 611 605 672 tormentorum
637 601 798 671 horrenda
834 599 938 666 nubes
970 600 1190 686 penetrantia,
1223 601 1258 664 in
1302 623 1426 668 murum

135 730 195 800 per
217 709 320 777 scalas
342 710 557 778 ascenderunt
579 713 665 779 etin
686 708 858 799 praeurbia
879 703 1071 786 insilieruut,
1094 711 1253 770 tormenta
1274 704 1426 795 Romanis

135 822 318 902 rapuerunt,
341 837 460 903 eosque
481 838 602 900 omnes,
625 816 771 903 exceptis
792 811 858 879 illis
881 807 1083 899 quibusdam,
1106 809 1162 895 qni
1196 811 1231 876 in
1263 809 1426 880 civitatem

135 917 312 994 Romanam
347 917 505 1006 fugerant,
526 919 764 986 iuterfecerunt.
793 917 882 1004 Papa
910 935 998 995 vero,
1032 912 1087 1000 qui
1124 909 1165 977 de
1194 914 1314 1003 palatio
1347 918 1425 985 haec

136 1024 244 1090 omnia
264 1033 487 1112 conspexerat,
509 1047 581 1092 cum
604 1024 759 1090 tredecim
780 1019 1007 1103 cardinalibus,
1029 1018 1137 1083 multis
1167 1021 1333 1106 praelatis,
1366 1047 1423 1090 no·

137 1127 257 1195 bilibus
288 1129 368 1196 viris
405 1138 437 1196 11
458 1152 532 1196 oum
553 1131 641 1197 omni
677 1151 736 1195 1111
756 1127 829 1193 aula
858 1125 1081 1213 appertinente
1112 1121 1156 1187 ad
1185 1146 1295 1191 arcem
1319 1129 1419 1194 sancti

137 1232 257 1321 Angeli
276 1234 467 1300 inconsueta
487 1237 551 1319 via,
573 1253 697 1324 quasa
717 1231 836 1320 palatio
857 1251 957 1319 penes
979 1250 1105 1294 murum
1126 1230 1284 1321 usqnepd
1305 1231 1424 1299 dictam

138 1359 246 1405 arcem
267 1337 364 1424 ducit,
386 1338 471 1407 olam
503 1338 636 1427 aufugit,
668 1359 846 1427 parumque
879 1335 990 1419 abfuit,
1021 1332 1150 1421 quoda
1180 1336 1343 1402 caesareis
1374 1340 1427 1402 mi·

139 1445 250 1513 litibus
282 1448 480 1536 interceptus
502 1470 568 1513 non
598 1447 721 1513 fuisset
752 1447 798 1513 Et
818 1450 906 1508 certe
937 1441 971 1506 in
1002 1441 1073 1505 loco
1097 1440 1284 1506 certaminis
1314 1442 1427 1508 mirum

138 1549 355 1639 spectaculum
380 1552 485 1617 visum
506 1551 576 1636 fuit,
596 1552 643 1618 ibi
665 1552 751 1616 enim
772 1549 988 1614 Romanorum
1010 1542 1053 1608 ad
1087 1550 1223 1628 quatuor
1255 1545 1369 1629 millia,
1391 1546 1427 1612 de

139 1675 289 1721 caesareo
320 1677 397 1722 vero
429 1653 548 1744 populo
579 1654 652 1744 plus
682 1676 778 1742 quam
811 1650 942 1717 ducenti
974 1648 1074 1714 111111
1109 1647 1250 1730 fuerunt,
1284 1653 1425 1717 maxima

137 1781 311 1849 paravero
343 1759 471 1827 illorum
493 1760 574 1827 laesi
605 1759 742 1838 fueram,
775 1756 830 1824 1111
863 1753 973 1820 111111
995 1750 1110 1840 proelii
1143 1754 1371 1841 praecedentis
1396 1757 1425 1821 11

138 1863 320 1954 praenrbio,
355 1863 441 1952 quod
473 1867 508 1934 vi
541 1865 757 1942 obtinuerunt,
797 1859 964 1948 defatigati
1001 1861 1167 1946 quiescere
1200 1861 1425 1944 ,intendebant

139 1967 223 2035 'l'nm
243 1968 382 2035 Romani
414 1970 501 2057 apud
536 1978 674 2058 portam,
696 1989 779 2057 quae
812 1965 900 2032 ducit
921 1963 963 2031 ad
984 1971 1109 2052 portam
1143 1965 1279 2031 alteram
1311 1965 1424 2055 Tyberi

139 2073 352 2163 adjacentem,
375 2084 407 2140 et
427 2076 608 2164 proximam
639 2074 680 2140 ed
701 2071 859 2161 hospitale
895 2069 1009 2137 Sancti
1030 2067 1168 2156 Spiritus
1191 2092 1227 2137 11
1256 2069 1425 2136 defendere

140 2179 284 2247 volentes
306 2179 492 2247 cumulatim
513 2187 744 2263 convenerunt,
767 2200 847 2267 quos
877 2175 1019 2242 caesarei
1050 2175 1206 2242 nonnulla
1240 2186 1292 2243 sat
1314 2179 1425 2265 exigua

141 2286 248 2373 quiete
270 2284 439 2351 confortati
472 2284 708 2372 aggredientes,
741 2282 815 2349 illos
837 2281 957 2348 abinde
978 2289 1211 2366 represserunt,
1242 2291 1276 2348 et
1307 2294 1424 2372 portam

140 2387 375 2479 Tyberiensem
411 2389 627 2456 obtinuerunt.
670 2389 807 2456 Romani
828 2409 906 2454 vero
928 2386 1044 2452 iterum
1075 2408 1135 2472 pro
1157 2387 1296 2455 victoria
1324 2388 1425 2454 volen-

140 2503 190 2562 tes
212 2494 349 2562 sollicite
380 2518 537 2585 pugnare,
567 2503 634 2561 tres
664 2503 789 2584 pontes,
822 2516 881 2582 per
902 2513 982 2578 quos
1004 2513 1024 2556 a
1046 2488 1133 2557 diota
1152 2490 1274 2558 vicinia
1296 2492 1424 2559 Roman

140 2602 187 2668 iro
210 2600 366 2682 solebant,
388 2600 513 2666 fortiter
534 2602 703 2666 tormentis
737 2608 769 2666 et
790 2599 863 2665 aliis
886 2595 1094 2687 apparatibus
1118 2594 1225 2682 (mens
1258 2594 1345 2662 enim
1374 2599 1424 2664 hu·

140 2726 236 2771 mana
257 2706 385 2794 saepius
407 2705 505 2771 futuri
527 2704 604 2771 mali
625 2707 753 2790 signum
782 2703 942 2793 praebet),
964 2728 1007 2772 ne
1029 2703 1171 2770 caesarei
1200 2705 1340 2770 11111111
1360 2726 1423 2793 pos·

141 2817 222 2894 seut,
255 2807 428 2896 diligenter
448 2810 660 2899 providerunt
670 2817 704 2876 et
713 2811 939 2895 muniverunt;
962 2810 1142 2900 dequibus
1169 2811 1422 2880 omnibusrebus

141 2919 175 2978 et
196 2911 464 2980 sollicitudinibus
497 2935 575 2982 vero
609 2913 692 2980 nihil
724 2915 772 2979 eis
809 2913 965 3001 prodesse
997 2918 1108 3002 potuit,
1144 2917 1198 2984 vel
1231 2918 1318 3006 quia,
1353 2920 1425 2985 sicut

136 3014 260 3105 judico,
282 3015 422 3083 infausta
440 3017 522 3085 haec
544 3017 797 3085 dies'Romanae
830 3019 954 3085 civitati
974 3019 1044 3105 fuit,
1066 3022 1119 3087 vel
1149 3023 1227 3110 quia
1261 3045 1424 3091 caesareae

142 3122 255 3210 copiae
288 3121 420 3189 obtenta
457 3124 595 3192 victoria
627 3147 665 3190 11
699 3124 909 3191 ferventiores
942 3132 974 3190 et
1006 3123 1194 3191 audaciores
1225 3128 1335 3195 effecti
1366 3129 1423 3194 iue-

142 3235 227 3313 runt,
249 3236 345 3316 prout
367 3229 511 3296 omnium
531 3229 618 3296 fama
638 3229 710 3312 fert,
733 3230 819 3317 quod
840 3229 964 3295 inimici
985 3227 1037 3294 bis
1059 3231 1242 3310 vincantur,
1267 3235 1365 3301 etiam
1397 3233 1423 3299 bi

141 3333 220 3401 victi
241 3333 369 3401 11111111
422 3334 516 3402 Η111
538 3356 616 3422 ergo
649 3355 820 3401 caesareae
842 3336 955 3423 copiae
977 3357 1043 3402 non
1065 3345 1225 3421 curantes,
1261 3349 1422 3406 tormento·

142 3459 214 3504 rum
233 3437 352 3506 ictibus
373 3447 488 3528 pontes
509 3438 719 3506 vehementer
740 3438 946 3523 infestabant,
968 3440 1014 3505 ita
1034 3438 1123 3528 quod
1142 3439 1217 3507 illos
1240 3444 1329 3509 intra
1360 3444 1420 3511 bre·

145 3565 221 3612 vem
242 3545 395 3633 temporis
427 3565 551 3611 moram
584 3545 815 3633 superaverint,
839 3553 872 3612 et
902 3544 1064 3612 Romanos
1095 3547 1214 3633 partim
1241 3548 1421 3630 occiderint,

144 3649 263 3737 partim
292 3672 370 3716 vero
392 3657 485 3738 terga
505 3657 632 3716 vertere
655 3651 830 3737 coegerint.
874 3650 1049 3739 Postquam
1071 3671 1149 3738 ergo
1178 3651 1261 3719 nulli
1293 3654 1419 3744 amplius

142 3752 267 3820 inimici
288 3755 492 3839 restitissent,
513 3761 591 3822 tuno
611 3753 751 3820 victores
773 3778 795 3822 a
815 3756 981 3843 sanguinis
1010 3755 1164 3822 effusione
1197 3764 1231 3822 et
1271 3760 1420 3824 occisione

145 3868 365 3944 cessaverunt,
391 3870 424 3926 et
445 3859 522 3926 dum
543 3858 664 3926 abinde
685 3861 772 3926 circa
793 3858 905 3928 horam
926 3881 1136 3950 vesperarum
1158 3861 1352 3947 vigesimam
1381 3882 1420 3927 11

145 3962 316 4030 cundum
304 3987 340 4031 1n
362 3966 527 4032 civitatem
546 3966 724 4032 Romanam
734 3966 970 4056 pervenissent,
993 3965 1182 4031 11111111111
1203 3964 1466 4075 depraedanda

146 4077 179 4134 11
200 4068 370 4158 spolranda
381 4069 447 4136 11111
470 4091 623 4137 concessa
644 4070 723 4156 fuit3
746 4093 828 4160 quae
851 4069 955 4160 spolia
975 4077 1065 4136 tanta
1086 4069 1225 4155 fuerunt,
1248 4074 1337 4160 qnod
1357 4093 1419 4140 cae-
1464 4082 1466 4099 '

149 4177 234 4242 sarsi
255 4174 297 4242 de
320 4198 410 4260 auro,
433 4183 577 4264 argento,
600 4178 793 4264 margaritis,
817 4174 979 4264 lapidibus
1009 4175 1159 4263 pretiosis
1193 4184 1227 4241 et
1249 4177 1324 4245 aliis
1345 4177 1420 4244 bom.

143 4278 261 4348 bicinis
293 4302 371 4348 auro
405 4280 589 4347 intertextis
618 4280 725 4365 rebus,
759 4302 842 4369 quae
872 4280 993 4369 optima
1025 4278 1207 4364 voluerunt,
1242 4281 1309 4349 sibi
1330 4285 1420 4369 elege-

142 4386 208 4452 rint
227 4395 259 4452 st
276 4385 479 4471 abstulerint,
501 4385 626 4474 reliqna
646 4407 724 4452 vero
735 4387 851 4453 viliora
863 4384 1045 4475 spreverint
1057 4383 1204 4451 etadhuc
1221 4393 1333 4455 tautae
1354 4386 1421 4453 divi·

142 4489 208 4556 tiae
218 4491 355 4557 miserae
368 4490 491 4557 civitati
503 4490 658 4579 prodesse
669 4514 734 4559 non
746 4500 931 4580 potuerunt3
947 4512 1022 4558 nam
1034 4490 1217 4580 quidamob
1226 4500 1419 4584 tantasprao·

143 4592 202 4660 das
222 4593 344 4660 ibidem
362 4604 616 4683 permanserunt
638 4596 773 4664 Talibus
785 4597 933 4665 omuibus
944 4596 1066 4664 divitiis
1076 4600 1221 4665 caesarei
1231 4599 1345 4666 referti
1365 4596 1425 4665 reli·

136 4718 203 4791 qna
224 4696 333 4767 multa
352 4707 566 4791 spreverunt,
587 4700 671 4770 aliae
692 4725 771 4773 vero
800 4704 912 4793 copiae
940 4702 1037 4792 paulo
1058 4703 1183 4770 tardius
1212 4703 1256 4773 de
1287 4704 1429 4777 columns
