2946 5086
1270 198 1342 286 iil.

70 384 98 442 ts
131 376 362 460 aestimantes,
397 373 483 464 quod
522 375 620 444 valde
659 384 756 466 aegre
788 376 922 449 ierimus
966 328 1000 449 et
1038 388 1165 454 turtinis
1194 387 1332 459 sdffiffuz

70 502 117 550 ur.
162 480 326 563 Quocirca
357 477 452 547 vobis
485 479 592 549 denuo
620 483 680 550 sub
711 485 885 553 amissione
911 487 1036 574 gratiae
1065 498 1196 559 ιιοιιιιι
1220 497 1333 582 regias

70 584 148 654 licta
170 586 373 674 injungimus
407 592 440 650 et
461 584 617 652 mandare
638 586 821 676 dignamur,
840 599 877 656 ut
899 613 1055 685 personas
1077 594 1137 662 bas
1157 616 1197 664 ao
1219 598 1332 667 mulis·

70 698 145 756 set
165 690 300 756 exulum
322 709 442 755 uxores
465 709 508 754 ex
531 690 664 759 civitate
679 713 744 758 non
766 694 955 761 amoveatis.
1002 695 1146 778 Quod
1120 708 1148 765 ιι
1169 722 1247 769 vero
1263 705 1336 793 jam

70 788 274 879 accesissent,
297 802 334 860 ut
356 793 491 860 easdem
513 792 619 860 denuo
642 799 803 864 revocatis
826 807 860 865 et
880 799 923 865 ad
943 799 1030 866 bona
1052 822 1165 870 eorum
1187 814 1220 872 st
1241 807 1332 875 babi-

70 899 176 966 tiones
204 900 277 967 sine
298 899 386 965 omni
402 891 640 1017 impedimento
673 909 706 966 et
738 902 957 970 retardatione
989 904 1177 993 dimittatis,
1209 911 1335 993 nullum

70 1004 145 1070 iam-
172 1002 272 1069 alium
294 1002 433 1090 amplius
456 1003 547 1068 exire
564 1002 720 1090 jubeatis,
751 1005 810 1072 ssd
831 1008 878 1072 ita
900 1029 959 1074 vos
981 1012 1111 1096 geratis,
1135 1014 1219 1079 sicut
1239 1015 1334 1084 robis
1365 1048 1367 1053 ·

70 1107 262 1197 tprioribus
285 1108 388 1173 literis
421 1106 577 1173 mandare
605 1106 732 1194 dignati
752 1111 882 1184 fuimus.
926 1111 994 1177 Noa
1018 1117 1105 1180 enim
1137 1117 1335 1187 intendimus

70 1212 241 1301 plenarie
263 1212 384 1280 babere
406 1211 566 1298 volumus,
599 1223 649 1279 ιιι
663 1213 726 1280 hae
755 1237 867 1281 omnes
890 1215 1089 1285 discordiae
1108 1229 1140 1287 et
1172 1221 1333 1311 inquietu-

70 1339 132 1389 nes
154 1317 256 1385 finam
278 1339 371 1383 suum
393 1317 446 1383 vel
461 1340 522 1405 per
536 1318 741 1386 amicabilem
756 1322 1043 1409 comportationem
1065 1333 1121 1390 aut
1142 1324 1333 1424 perjtrstum

70 1421 195 1489 dicium
216 1425 393 1525 acquirant
436 1422 580 1508 Ideoque
614 1423 694 1491 haec
727 1425 888 1509 scientes,
921 1425 968 1491 ita
997 1449 1058 1494 vos
1087 1431 1200 1515 gerite,
1235 1444 1334 1520 prout

70 1526 210 1593 ribimus
244 1520 276 1593 et
308 1526 429 1594 habore
451 1526 611 1611 volumus,
648 1527 745 1594 aliter
776 1551 842 1595 non
871 1529 1040 1614 iacientes,
1074 1531 1134 1599 sub
1158 1536 1336 1607 evitatione

70 1617 271 1719 dignationis
295 1641 327 1699 et
348 1631 525 1720 disgratiae
557 1639 688 1700 nostrae
708 1633 830 1721 regiae.
875 1633 997 1701 Datum
1025 1635 1140 1703 Budas
1162 1638 1217 1706 dis
1236 1640 1330 1710 Jovis

70 1746 110 1805 te
133 1745 283 1823 scuram
307 1738 563 1803 circumcisionis
585 1736 728 1804 Domini
742 1738 810 1817 (11.
833 1737 936 1824 Jan.,)
959 1760 1045 1807 anno
1069 1740 1164 1811 1526

946 1841 1135 1912 Ludovioua
1158 1866 1227 1916 rex.
1400 1910 1402 1915 .

118 1945 187 2014 Vix
207 1884 390 2036 Progenses
412 1938 515 2014 literis
538 1947 590 2015 his
612 1956 645 2016 et
667 1947 820 2016 mandato
835 1948 929 2035 regio
952 1938 1190 2037 safislecerunt,
1214 1962 1246 2020 et
1260 1954 1331 2042 qui·
1401 1987 1404 1991 >

70 2074 108 2120 m
119 2053 353 2137 tantummodo,
366 2052 454 2141 quod
465 2074 594 2139 uxores,
607 2074 726 2143 nempe
737 2054 891 2121 mulieres
905 2052 1003 2120 illas
992 2077 1027 2123 ιιι
1039 2077 1121 2145 pace
1132 2057 1333 2147 reliquerint,

70 2180 96 2227 a
117 2178 199 2225 vero
215 2157 373 2226 mandata
396 2160 487 2225 coeci
521 2167 554 2226 et
576 2158 667 2226 surdi
700 2159 797 2226 sicut·
813 2159 1044 2228 antecedenter
1063 2165 1333 2252 praeteriretuct,

70 2262 119 2331 ,od
140 2263 220 2329 inde
240 2262 404 2352 probatur.
448 2263 533 2329 Nam
555 2264 684 2353 quando
708 2263 869 2353 Georgius
888 2265 1070 2356 Lopataky,
1096 2291 1180 2336 unus
1192 2269 1234 2341 de
1250 2292 1327 2338 exu-

70 2390 130 2453 tus,
153 2367 381 2457 Kattenberga
401 2368 541 2456 Pragam
565 2369 707 2457 advenit*
729 2378 878 2458 tempore
910 2369 1067 2438 festorum
1097 2372 1327 2462 natalitiorum,

70 2473 212 2558 dicabat,
235 2474 322 2561 quod
339 2476 437 2564 juxta
458 2473 647 2541 mandatum
661 2472 903 2542 etroluntatem
918 2476 1044 2563 regiam
1065 2477 1100 2543 in
1120 2480 1331 2566 possessione

75 2578 317 2667 'gubernatione
332 2577 490 2646 bonorum
512 2600 646 2647 suorum
665 2601 804 2665 securus
824 2579 1045 2669 relinquetur3
1066 2603 1133 2673 non
1154 2587 1330 2671 praeterie-
1399 2582 1402 2586 ’

70 2694 111 2750 ιιι
132 2692 240 2750 autem
261 2693 328 2750 tres
350 2683 433 2768 dies,
464 2684 571 2773 judex
592 2685 686 2752 illum
707 2706 789 2752 oum-
804 2686 901 2752 sociis
924 2687 997 2752 ιιιίιΙΙ
1015 2707 1034 2752 e
1056 2685 1152 2753 domo
1175 2708 1235 2765 sua
1254 2711 1330 2778 pro·

70 2791 108 2856 ia
129 2809 150 2855 a
171 2797 340 2863 mensaet
360 2789 498 2878 prandio
520 2789 563 2857 ad
586 2811 734 2858 carceres
757 2788 859 2876 duxit,
889 2789 1065 2879 inquibus
1087 2791 1236 2859 detentus
1256 2793 1329 2880 luit,

72 2915 136 2960 nec
147 2915 222 2960 eum
233 2893 356 2960 ibidem
367 2893 600 2962 afflictionibus
621 2898 847 2986 peremissent,
869 2898 1059 2988 priusquam
1080 2896 1194 2965 literae
1214 2900 1326 2989 regias

70 3005 156 3069 tione
178 3005 248 3092 ejus
270 3003 336 3069 illis
359 2996 539 3070 extraditae
561 3003 707 3087 fuissent,
731 3003 879 3071 nolentes
902 3018 977 3070 eum
992 3001 1034 3069 ad
1046 3002 1146 3070 ullam
1161 3003 1326 3090 fidejussi·

71 3130 124 3175 sm
137 3108 307 3176 dimittere.
322 3108 387 3175 Die
400 3130 478 3175 vero
490 3108 524 3176 S.
534 3108 678 3187 Mathiae
699 3106 893 3198 (atussa),
906 3107 983 3174 dum
996 3100 1103 3174 eidem
1115 3109 1213 3175 etiam
1225 3109 1332 3199 sepul

70 3236 136 3281 ram
152 3211 371 3301 denegassent
381 3214 415 3279 in
432 3213 573 3296 civitate,
581 3214 754 3302 jusserunt
765 3233 838 3279 eum
850 3211 945 3278 evehi
956 3210 999 3278 ad
1011 3209 1172 3302 hospitale
1186 3213 1218 3281 S.
1233 3213 1331 3287 Pauli·

70 3327 109 3387 ιιι
123 3327 257 3408 portam
280 3318 499 3401 Poridensem,
531 3319 602 3385 sine
623 3316 802 3401 sacerdote,
836 3317 908 3384 sine
928 3316 1116 3384 cantoribus
1139 3326 1172 3383 et
1193 3339 1322 3408 campa·

70 3445 140 3491 ιιιιιι
163 3423 268 3511 pulsu,
291 3421 403 3513 ibique
414 3443 488 3490 eum
504 3420 739 3511 sepeliverunt3
758 3410 866 3509 justus
888 3419 1041 3487 etbonus
1066 3429 1185 3503 autem
1207 3442 1319 3510 quam·

70 3552 79 3596 ι
101 3537 303 3619 persecutus,
325 3528 446 3616 ubique
470 3526 554 3594 bens
577 3527 724 3616 quiescit,
747 3524 967 3615 spectaculum
983 3524 1090 3592 ιιιιιιιι
1101 3533 1323 3615 postmortem
1349 3529 1352 3533 ’

83 3624 142 3701 illo
166 3641 348 3699 conserunt.
392 3632 437 3698 Et
457 3634 504 3698 ita
524 3634 559 3698 in
582 3632 735 3717 futurum,
770 3632 854 3698 sicut
874 3619 989 3714 antea,¹
1013 3631 1048 3697 hi
1074 3622 1321 3719 magistri'Pra·

70 3760 146 3805 uses
180 3737 359 3806 auxiliante
390 3759 490 3804 manu
513 3738 684 3805 ¹saeculari
705 3737 788 3805 nulli
811 3736 852 3810 de
873 3736 924 3803 his
945 3735 1100 3824 relegatis
1121 3735 1321 3825 sepulturam

70 3845 199 3911 mittere
220 3843 408 3928 voluerunt3
441 3850 539 3931 prout
569 3841 690 3909 Joanni
711 3842 859 3926 Erasmo,
882 3843 937 3931 qui
958 3841 1145 3908 infirmitate
1167 3851 1321 3928 paratus

70 3970 126 4016 am
138 3945 680 4033 suam‘finivitRubroLissaeinfra
689 3948 852 4015 civitatem
862 3945 897 4012 in
906 3946 1004 4014 ιὶιιοι
1010 3945 1033 4014 J
1034 3947 1147 4013 oannis
1160 3945 1321 4032 wasae,

70 4057 81 4123 i
104 4055 166 4121 vix
190 4052 400 4131 admiserunt,
422 4062 459 4118 ut
471 4051 615 4118 Joannes
630 4051 744 4118 Wosal
766 4050 1084 4119 sacerdosatabbas
1100 4050 1321 4135 slowanensis,

70 4161 86 4247 t·
102 4178 170 4226 non
193 4157 253 4224 sub
278 4157 392 4224 eodem
415 4178 536 4241 eorum,
560 4157 618 4222 sed
641 4159 732 4244 regia
747 4156 1055 4233 directionefuerat‚
1077 4159 1112 4223 in
1134 4158 1321 4239 coemiterio

70 4284 209 4353 »penes
232 4264 464 4328 monasterium
487 4282 561 4327 eum
584 4261 723 4351 sepelire
743 4263 894 4351 potuerit.
927 4261 1009 4329 Item
1020 4260 1216 4335 Wsnceslao
1231 4261 1322 4330 Kas-

70 4367 171 4455 erigit,
201 4368 256 4456 qui
278 4367 400 4456 pariter
421 4368 566 4434 infirmus
600 4367 726 4435 occulte
755 4389 814 4456 pro
844 4367 1032 4457 provisione
1055 4388 1114 4432 sua
1134 4366 1169 4432 in
1192 4366 1324 4435 domum

70 4496 118 4541 un
141 4474 233 4540 vertit
256 4483 288 4539 et
308 4472 431 4539 ibidem
454 4482 606 4540 mortuus¹
619 4473 689 4554 fuit,
713 4494 809 4562 quem
831 4487 992 4538 mortuum
1019 4471 1183 4538 devehere
1198 4470 1319 4539 debue-

70 4587 97 4645 ιι
126 4598 233 4665 prope
263 4577 484 4644 Brundusium
517 4577 560 4644 ad
592 4575 704 4669 villam
737 4576 889 4644 Diewbio
922 4576 1052 4643 dictam
1095 4575 1178 4642 Item
1199 4575 1321 4644 Joanni

70 4681 211 4766 usurus,
235 4695 342 4771 quem,
367 4683 517 4771 quamvis
539 4681 701 4768 relegatus
715 4704 779 4748 non
792 4681 899 4768 fuerit,
914 4691 1076 4749 mortuum
1088 4691 1197 4749 umen
1218 4683 1253 4748 in
1276 4682 1320 4749 oi·

70 4801 133 4868 ste,
156 4786 324 4855 devehere
342 4785 526 4856 debuerunt
545 4786 865 4872 Boiano-Brodam,
898 4788 975 4880 quia
995 4787 1122 4859 malum
1137 4785 1321 4880 approbare
