2946 5086
1315 180 1382 261 255

92 392 192 467 retur,
225 389 304 447 tunc
326 379 383 446 alii
405 397 440 442 se
461 375 513 441 bis
535 381 733 463 opponentes
755 374 801 438 ita
822 372 922 438 locuti
944 377 1035 437 sunt:
1056 388 1130 435 cum
1152 366 1274 434 domini
1294 367 1379 434 Neo·

93 488 254 556 urbenses
275 487 311 550 in
332 483 396 550 hoc
415 479 548 547 foedere
568 479 743 567 persistere
763 476 876 561 nolint,
901 471 1093 562 etamplius
1115 472 1377 561 nonpersistant,

96 616 131 660 se
152 590 340 677 intelligere
360 608 427 653 non
447 605 554 674 posse,
592 582 751 670 quomodo
787 581 872 646 inter
906 578 980 646 illos
1008 577 1095 645 solos
1124 584 1276 643 constans
1312 592 1385 641 esse

95 703 219 785 posset.
261 694 346 760 Nam
368 713 428 779 per
439 690 589 754 nuntium
599 688 798 776 scripserunt
819 684 861 752 ad
881 684 972 752 urbis
993 684 1157 775 Antiquae
1179 680 1385 752 communita·

97 813 178 878 tem,
207 796 438 864 renunciantes
466 792 542 858 huic
564 791 688 880 foederi
711 799 743 857 et
765 813 801 856 se
823 783 1045 875 excludentes,
1068 810 1142 856 cum
1165 791 1252 857 enim
1273 787 1388 854 civitas

98 928 119 970 a
141 924 224 990 rege
244 903 361 966 iterum
382 896 486 965 divisa
514 895 621 980 fuerit,
645 895 731 984 quod
752 895 800 961 illi
822 897 857 962 in
880 916 938 961 sua
960 895 1091 962 civitate
1108 892 1215 962 ‘liberi
1237 912 1309 960 esse
1330 912 1388 958 ve·

97 1009 174 1092 lint,
205 1013 238 1071 et
266 1025 348 1093 quae
381 1001 572 1088 agnoverint
593 1021 665 1066 esse
685 1002 879 1086 necessaria,
902 998 988 1088 quod
1008 1001 1092 1065 inter
1114 1020 1150 1065 se
1172 999 1280 1065 omnia
1293 996 1390 1073 ,bene

99 1113 289 1200 disponent.
332 1107 469 1195 Propter
501 1105 589 1171 hunc
622 1127 699 1192 ergo
728 1106 898 1175 articulum
925 1127 991 1173 non
1025 1105 1164 1192 exiguae
1185 1101 1391 1170 difficultates

99 1225 213 1284 motae
235 1220 320 1291 sunt,
343 1233 417 1278 cum
439 1212 614 1278 convenire
634 1212 670 1277 iu
692 1209 748 1278 illo
769 1233 836 1278 nou
856 1211 1028 1299 potuerint.
1070 1207 1196 1276 Passek
1217 1228 1295 1275 vero
1318 1229 1392 1272 cum

101 1347 165 1391 sua
185 1320 280 1388 turba
309 1342 353 1385 ex
385 1318 475 1385 nulla
497 1320 561 1385 alia
593 1341 696 1386 ¹causa
718 1319 801 1385 haec
821 1316 1026 1396 defendebat,
1062 1313 1126 1404 nisi
1146 1319 1184 1378 ut
1203 1312 1310 1379 adhuc
1330 1315 1392 1381 ali-

103 1449 205 1519 quam
234 1421 471 1492 communitatis
504 1433 630 1512 partem
663 1425 699 1491 in
720 1423 782 1491 hoc
803 1423 934 1490 foedere
967 1443 1026 1513 pro
1059 1424 1150 1509 parte
1173 1438 1231 1482 sua
1252 1419 1392 1486 retinere

101 1531 221 1621 possit,
243 1528 361 1617 quibus
381 1527 620 1617 adjuvantibus,
644 1550 716 1594 curn
739 1527 889 1595 exulibus
910 1526 952 1593 de
972 1523 1063 1593 nulla
1088 1522 1305 1592 transactione
1315 1546 1393 1612 aga-

104 1648 174 1720 tur3
198 1642 234 1699 ut
256 1633 353 1699 etiam
374 1631 452 1698 illae
475 1641 611 1720 quatuor
642 1653 801 1722 personae
822 1633 858 1700 in
880 1630 1108 1699 communitate
1127 1645 1193 1692 non
1215 1627 1395 1715 audiantur,

105 1741 172 1807 hoc
192 1759 317 1805 summe
338 1735 554 1805 desiderabat.

198 1841 346 1909 'landem
380 1843 497 1930 petivit
528 1841 653 1908 Passek
681 1865 703 1909 a
725 1849 848 1928 senatu,
870 1850 907 1909 ut
928 1863 1001 1908 cum
1023 1838 1162 1907 dominis
1183 1836 1398 1907 Neou'rbensi·

110 1949 174 2016 bus
195 1953 303 2033 agant,
326 1953 362 2011 ut
383 1947 454 2010 sine
475 1968 565 2011 mora
586 1962 722 2032 utraque
738 1947 953 2014 communitas
976 1943 1071 2011 simul
1083 1945 1117 2010 in
1133 1941 1270 2029 collegio
1280 1963 1398 2029 magno

113 2051 321 2133 conveniant,
341 2048 501 2135 quaedam
513 2071 639 2137 semper
650 2050 882 2140 impedimenta
902 2052 1107 2138 interponere
1120 2047 1251 2132 volens;
1274 2048 1399 2113 sienim

114 2159 180 2224 hoc
207 2155 329 2220 factum
362 2153 486 2239 fuisset,
520 2154 692 2222 difficulter
730 2159 765 2222 in
797 2157 905 2245 quiete
936 2155 1146 2222 abinvicem
1182 2152 1403 2219 recessissent.

118 2260 206 2343 Quia
227 2281 305 2326 vero
329 2280 402 2324 cum
425 2280 484 2325 sua
505 2259 601 2326 turba
624 2260 673 2350 (in
695 2283 759 2349 qua
775 2262 873 2350 juxta
893 2260 1154 2329 informationem
1173 2254 1310 2322 aliorum
1320 2255 1405 2326 ultra

118 2377 250 2432 centum
271 2384 430 2452 personae
452 2386 519 2430 non
540 2364 682 2456 fuerunt)
705 2368 810 2434 victus
833 2367 904 2452 fuit,
926 2366 967 2434 ob
1001 2387 1132 2433 causam
1154 2361 1185 2426 ei
1207 2357 1407 2431 demonstra·

117 2480 198 2553 tam,
232 2467 318 2556 quod
339 2467 421 2534 haec
451 2467 523 2533 fieri
544 2491 611 2535 non
632 2471 778 2559 possint3
812 2492 886 2536 cum
908 2470 965 2537 illa
994 2479 1107 2537 contra
1126 2461 1353 2534 inhibitionem
1375 2478 1408 2534 et

117 2574 318 2641 voluntatem
340 2572 464 2660 regiam
484 2572 600 2638 fierent
631 2582 664 2638 et
685 2574 767 2641 forte
788 2597 847 2662 per
868 2574 930 2641 hoe
940 2573 1196 2662 indignationem
1218 2574 1250 2631 et
1270 2593 1408 2658 poenam

118 2677 284 2766 quandam
304 2677 470 2742 insumere
500 2685 643 2765 possent.
688 2679 774 2745 Dum
795 2680 895 2765 igitur
915 2700 1021 2767 neque
1041 2679 1104 2746 boc
1125 2674 1174 2745 illi
1194 2673 1319 2743 Passek
1340 2700 1410 2744 suc·

119 2783 287 2865 cessisset,
309 2779 352 2846 ad
367 2780 465 2847 aliam
491 2781 703 2848 intentionem
726 2805 761 2849 se
784 2784 952 2868 convertit,
974 2781 1152 2849 admoneus
1174 2777 1258 2866 illos,
1280 2788 1316 2848 ut
1336 2803 1410 2848 curn

119 2883 391 2953 Neourbensibus
435 2892 563 2970 agatur,
596 2907 659 2973 quo
692 2886 798 2954 medio
833 2887 931 2954 urbes
963 2886 1146 2974 Pragenses
1178 2885 1294 2952 iterum
1324 2885 1412 2951 uniri

120 2998 268 3081 possent,
303 3008 488 3075 proponens
528 2997 561 3053 et
594 2988 733 3054 suadens
754 3013 813 3078 pro
834 2990 920 3058 bono
944 2989 1109 3057 civitatum
1131 2988 1174 3058 ob
1197 2989 1283 3056 mala
1303 2988 1413 3056 iiluna

121 3092 260 3162 vitanda
279 3091 315 3157 id
336 3093 555 3158 necessarium
578 3114 660 3176 esse,
682 3092 815 3179 addens,
838 3096 924 3183 quod
945 3103 1070 3161 tautam
1092 3092 1250 3183 quaedam
1273 3095 1307 3160 in
1344 3094 1412 3160 exi·

122 3222 189 3288 guo
211 3219 346 3264 numero
379 3218 540 3284 personae
574 3198 709 3283 egerint,
746 3207 782 3264 ut
813 3198 895 3267 haec
916 3201 992 3267 unio
1014 3199 1224 3283 dissolvatur3
1258 3205 1294 3263 ut
1315 3198 1414 3284 igitur

123 3310 245 3372 iterum
266 3303 301 3368 in
322 3303 440 3391 majori
460 3324 672 3390 personarum
693 3325 829 3370 numero
851 3313 977 3392 agatur,
1001 3304 1043 3371 ad
1064 3309 1217 3371 unionem
1237 3301 1323 3368 hanc
1351 3303 1413 3367 ite-

123 3431 199 3476 rum
230 3406 483 3491 restaurandam,
506 3417 538 3473 et
560 3407 647 3495 quod
679 3417 796 3496 speret,
820 3407 894 3474 illos
917 3410 979 3476 hoc
1012 3411 1191 3477 effecturos.
1234 3407 1297 3473 His
1318 3405 1414 3473 dictis

125 3512 340 3580 communitas
371 3511 476 3578 adhuc
504 3512 608 3598 magis
641 3511 690 3577 illi
722 3535 757 3578 se
790 3512 984 3601 opponebat,
1018 3537 1129 3581 omnes
1151 3513 1306 3595 dicentes,
1329 3507 1415 3598 quod

126 3621 211 3685 haec
244 3638 342 3705 agere
375 3638 440 3682 nen
472 3617 615 3704 possint3
639 3616 725 3704 quod
746 3618 816 3705 ipse
838 3639 898 3682 rex
919 3617 979 3684 has
1001 3619 1246 3685 communitates
1269 3614 1417 3682 diviserit

128 3734 162 3791 et
183 3725 227 3789 in'
241 3723 359 3790 talibus
380 3721 475 3808 regni
497 3723 653 3787 insertum
677 3722 727 3804 sit,
750 3728 785 3785 ut
806 3720 921 3786 futuris
943 3724 1109 3810 perpetuis
1132 3719 1330 3810 temporibus
1352 3716 1414 3782 hae

129 3830 279 3896 civitates
300 3849 466 3915 nunquam
495 3827 633 3915 amplius
666 3826 819 3892 uniantur
839 3826 958 3890 unione
978 3828 1089 3914 priori,
1112 3834 1144 3892 et
1166 3828 1193 3892 si
1215 3825 1416 3911 quiscunque

129 3935 194 4000 hoc
226 3942 383 3999 attentare
405 3932 504 4001 vellet
532 3940 565 3997 et
595 3931 637 3998 ad
666 3930 751 3998 hanc
786 3931 939 3996 unionem
960 3929 1125 4018 adjuvare,
1159 3939 1196 3996 ut
1227 3928 1301 3995 talis
1323 3925 1418 3993 bonis

130 4049 163 4105 ct
185 4038 253 4104 vita
273 4038 424 4125 privetur.
463 4034 600 4101 Senatus
629 4057 707 4102 vero
738 4034 849 4100 exibat
869 4041 1001 4122 propter
1022 4032 1175 4100 articulos
1198 4031 1419 4105 communitati

130 4141 284 4226 traditos3
306 4150 374 4206 tum
395 4141 499 4229 primo
521 4141 722 4206 resciverunt
757 4138 798 4205 de
823 4138 874 4205 his
896 4138 989 4204 novis
1019 4135 1163 4203 dissidiis
1184 4139 1220 4203 in
1241 4137 1422 4204 communi·

133 4255 201 4313 tate
224 4246 260 4311 in
281 4267 379 4312 causa
400 4245 538 4328 unionis,
562 4253 661 4332 atque
680 4243 731 4309 his
755 4265 790 4308 se
812 4250 1012 4331 opponentes
1036 4240 1199 4325 dixerunt,
1223 4251 1255 4307 et
1276 4263 1364 4308 nunc
1380 4240 1421 4307 de

132 4354 184 4419 bis
207 4358 315 4438 agant,
345 4358 477 4439 propter
492 4371 581 4437 quae
605 4349 693 4415 citati
714 4348 854 4431 fuerunt,
877 4368 994 4436 nempe
1015 4353 1146 4435 propter
1165 4343 1237 4410 illos
1259 4345 1423 4424 articulos,

135 4459 201 4525 alia
237 4477 315 4524 vero
339 4464 371 4521 et
406 4476 493 4521 nunc
535 4455 692 4538 omittant,
716 4461 748 4519 et
770 4454 797 4519 si
820 4452 892 4540 quis
914 4451 956 4517 de
977 4450 1039 4518 hac
1059 4451 1180 4517 unione
1202 4447 1290 4535 apud
1311 4470 1423 4536 regem

134 4583 235 4652 agere
258 4560 347 4644 velit,
369 4568 406 4626 ut
426 4580 485 4647 pro
508 4580 543 4623 se
565 4559 636 4645 ipso
658 4565 743 4644 agat,
767 4565 800 4622 et
820 4578 892 4622 non·
907 4577 966 4644 pro
989 4562 1104 4623 senatu
1125 4562 1158 4620 et
1187 4552 1423 4623 communitate.

221 4664 285 4731 His
307 4688 327 4730 a
364 4672 478 4730 senatu
500 4661 595 4728 dictis
616 4659 739 4727 Passek
761 4658 892 4728 auribus
914 4668 946 4726 et
968 4660 1075 4753 capite
1095 4657 1246 4726 demissis
1270 4677 1343 4722 curn
1366 4676 1424 4722 sua

134 4771 235 4842 turba
255 4771 364 4855 tacuit,
387 4779 421 4837 et
440 4768 568 4855 quietus
589 4767 774 4857 permansit
818 4763 940 4832 Ultimo
961 4765 1080 4836 iterum
1101 4765 1221 4833 mentio
1243 4759 1331 4831 facta
1361 4756 1425 4829 fuir
