2946 5086
153 114 216 186 rea
250 70 256 79 ’

150 308 261 353 mones
283 284 453 351 absolvero
473 283 691 373 permiserunt
713 288 745 350 et
774 280 963 370 tolerarunt,
986 283 1045 351 sed
1068 303 1252 369 sermonem
1274 287 1429 355 interrum-

149 399 263 480 pentes
285 411 404 474 meum,
425 387 520 455 nobis
543 387 691 455 omnibus
713 410 905 477 responsum
925 387 1028 456 breve
1058 387 1221 481 dederunt
1242 390 1326 457 tale:
1362 394 1430 458 siout

149 495 243 561 vobis
267 494 400 578 dictum,
432 494 478 560 ita
499 493 688 560 conclusum
710 503 770 577 est,
800 501 832 559 et
854 493 1032 575 secundum
1056 493 1121 561 hoc
1142 516 1202 581 pro
1223 493 1320 563 bono.
1336 504 1430 564 vestro

148 619 208 665 vos
230 599 343 684 gerite.
1268 622 1273 627 ·

680 784 826 852 CAPUT
859 786 911 852 27.

148 966 211 1028 Ubi
231 965 282 1026 hic
303 966 399 1026 bonus
431 967 480 1028 vir
513 974 543 1027 et
568 969 675 1028 author
703 965 791 1042 hujus
815 965 975 1027 chronicae
1005 970 1043 1028 de
1072 988 1106 1029 se
1125 968 1194 1048 ipso
1218 976 1249 1030 et
1272 972 1310 1031 de
1332 972 1433 1031 achbor

149 1054 211 1114 suis
228 1053 342 1128 scribit,
365 1055 445 1128 quod
467 1055 657 1115 haecomnia
678 1054 722 1113 illi
744 1052 883 1113 sufficere
897 1074 959 1115 non
979 1056 1139 1132 potuerint.
1173 1058 1215 1117 Et
1230 1061 1312 1133 quod
1334 1058 1433 1118 Judaei

148 1140 267 1220 saepius
289 1142 328 1199 ad
352 1160 477 1201 uxorem
506 1161 591 1201 suam
621 1140 821 1216 accesserint,
844 1143 968 1200 eandem
998 1144 1201 1217 alloquentes:
1227 1146 1255 1203 si
1277 1146 1434 1221 quindecim

150 1246 314 1306 sexagenas
338 1247 512 1305 grossorum
535 1230 647 1289 eisdem
667 1227 816 1303 dederint,
839 1247 873 1287 se
895 1230 972 1288 velle
995 1228 1123 1305 efficere,
1158 1241 1192 1291 ut
1214 1232 1270 1291 illa
1294 1252 1361 1293 cum
1382 1253 1432 1292 ma·

536 1318 597 1377 rito
618 1335 672 1376 suo
695 1316 814 1392 Pragae
836 1326 1040 1392 permaneant
1122 1394 1126 1399 ἡ

234 1465 326 1547 Quae
347 1467 427 1533 mihi
449 1468 534 1533 bene
556 1476 633 1533 nota
655 1475 739 1549 sunt,
762 1465 803 1530 de
826 1465 877 1531 his
901 1475 988 1533 certe
1018 1466 1162 1534 scribere
1190 1491 1345 1556 possum3
1376 1468 1435 1533 illis

147 1571 345 1658 temporibus
368 1570 494 1658 Pragae
517 1573 672 1654 existens,
696 1571 793 1635 etiam
816 1568 867 1634 his
890 1570 1020 1637 casibus
1043 1572 1201 1638 enarratis
1215 1595 1374 1661 praesens
1386 1573 1434 1637 firi.

144 1676 184 1743 In
204 1677 299 1741 annis
322 1677 408 1743 enim
429 1676 578 1743 virilibus
601 1677 682 1741 civis
703 1675 829 1761 Pragae
850 1674 908 1754 fui,
943 1678 1209 1743 sustentationem
1239 1686 1273 1743 et
1290 1677 1436 1745 ¹alimenta

144 1802 219 1846 mea
240 1803 313 1846 oum
334 1803 436 1847 uxore
459 1789 492 1846 et
512 1778 657 1868 prolibus
680 1781 713 1844 in
738 1800 820 1866 pace
846 1798 1015 1868 quaerens,
1037 1783 1135 1849 ,siout
1162 1781 1290 1853 homini
1311 1776 1435 1847 honesto

147 1888 310 1973 competit,
334 1907 446 1951 omnes
470 1894 579 1950 tamen
594 1906 686 1950 meae
705 1884 863 1951 honestae
886 1886 1040 1970 actiones,
1062 1907 1167 1973 neque
1189 1885 1370 1953 laudabilia
1388 1906 1435 1972 pa·

146 1999 274 2056 rentum
297 1989 354 2078 (de
377 1990 494 2077 quibus
517 1991 575 2056 hic'
595 1989 722 2076 Pragae
742 1996 839 2053 natus
861 1989 921 2077 fui)
945 2012 1090 2056 meorum
1122 1998 1226 2076 gesta,
1248 1989 1341 2075 mihi,
1364 1990 1435 2055 sicut

145 2115 206 2160 nec
227 2093 299 2160 aliis
323 2095 472 2160 sufficere
494 2103 527 2160 et
548 2093 699 2182 opitulari
720 2103 878 2180 poterant

230 2200 302 2285 Ego
324 2201 423 2286 igitur
445 2199 551 2265 scriba
571 2199 840 2265 Bartholomaeus
863 2198 945 2265 haec
958 2199 1070 2285 gravia
1092 2208 1124 2264 et
1146 2196 1262 2265 odiosa
1285 2198 1431 2277 scribens,

145 2326 220 2370 cum
240 2303 491 2391 aliispraesens
514 2303 613 2387 adfui,
637 2302 765 2391 quando
789 2303 871 2369 haec
898 2304 1009 2383 omnia
1024 2310 1097 2369 acta
1110 2301 1252 2386 fuerunt,
1276 2311 1311 2368 et
1330 2303 1427 2369 ultimo

145 2406 278 2474 tandem
301 2429 374 2472 oum
398 2407 470 2472 aliis
492 2430 574 2474 onus
597 2407 659 2472 hoc
681 2429 783 2495 grave
804 2416 936 2495 portare
958 2406 1069 2489 debui,
1092 2406 1169 2471 dum
1191 2415 1268 2494 post
1290 2405 1426 2472 tumultus

147 2515 207 2581 hos
220 2521 263 2581 -et
284 2512 464 2579 discordias
485 2519 589 2601 primo
621 2515 708 2578 intra
729 2535 850 2580 annum
873 2535 915 2578 ex
938 2513 1071 2579 civitate
1091 2513 1296 2600 proscriptus
1318 2512 1372 2596 fui,
1392 2510 1406 2575 f
1418 2548 1424 2558 ·

145 2619 255 2707 risque
278 2626 371 2684 extra
392 2617 556 2683 civitatem
577 2617 755 2704 perdurare
777 2616 886 2701 debui,
909 2617 1098 2705 relinquens
1120 2639 1260 2685 uxorem
1283 2627 1315 2683 et
1335 2616 1424 2707 proles

144 2747 234 2790 meas
258 2745 331 2789 cum
354 2723 504 2788 omnibus
527 2725 608 2788 meis
630 2722 737 2807 bonis,
760 2745 819 2811 per
840 2745 943 2795 annos
965 2722 1034 2789 fere
1048 2730 1195 2811 quatuor,
1218 2732 1336 2813 contra
1356 2719 1424 2809 quod

144 2827 268 2895 nullum
289 2826 469 2894 remedium
493 2835 524 2892 ot
545 2827 635 2893 nulla
657 2851 732 2917 spes
756 2827 993 2913 inveniebatur,
1016 2837 1147 2918 praeter
1158 2828 1263 2895 solam
1285 2828 1422 2895 inDeun

145 2956 246 3022 spem.
290 2932 374 2999 Nam
397 2941 464 2998 tum
488 2933 568 2999 haec
592 2933 662 2999 sola
684 2934 863 3000 consolatio
885 2933 947 2999 fuit
975 2935 1010 2998 in
1041 2933 1145 3000 dicto:
1183 2934 1239 3021 qui
1273 2933 1338 3017 dat,
1370 2930 1424 2999 dili·

145 3040 241 3123 gitur,
264 3038 320 3123 qui
342 3058 408 3102 non
432 3037 496 3121 dat,
520 3040 646 3123 uritur3
670 3041 755 3104 sieut
775 3038 869 3104 multi
891 3039 1083 3126 pauperculi
1104 3060 1140 3103 11
1155 3038 1203 3104 ita
1216 3040 1301 3105 tueri
1325 3037 1424 3104 debue-

144 3151 229 3220 runt,
252 3151 284 3208 et
304 3141 410 3208 adhuc
430 3145 488 3210 vix
510 3145 544 3208 in
567 3143 638 3210 loco
662 3145 770 3232 quiete
802 3167 1013 3233 perseverare
1035 3151 1277 3233 potueruntet
1297 3144 1359 3211 hoc
1372 3143 1424 3232 qui·

146 3248 220 3315 dem
241 3247 416 3337 plurimum
446 3247 604 3335 quosdam
634 3249 716 3315 tales
746 3249 906 3334 crudeles,
943 3251 1105 3336 inquietos
1136 3247 1292 3333 reddidit,
1325 3250 1443 3336 nempe'

145 3353 271 3419 Passek
294 3375 367 3418 cum
391 3352 537 3440 ejusdem
560 3352 806 3438 confoederatis,
841 3354 928 3442 quod
955 3353 1066 3442 cupidi
1097 3351 1221 3419 fuerint
1242 3375 1385 3443 meorum
1403 3358 1427 3416 et

146 3458 282 3525 aliorum
304 3457 472 3536 bonorum,
496 3481 579 3546 quae
594 3458 727 3525 tandem
741 3459 853 3525 ultimo
869 3481 929 3547 per
943 3456 1073 3524 fraudes
1088 3457 1191 3525 ferme
1205 3459 1317 3525 omnia
1328 3457 1426 3546 ,acqui-

147 3564 300 3647 siverunt,
324 3562 416 3647 eujus
437 3571 664 3648 argumentum
687 3563 748 3629 hoc
772 3572 841 3629 est:
872 3563 921 3629 illi
944 3563 1029 3627 enim
1051 3563 1183 3650 tyranni
1209 3564 1367 3652 quosdam
1380 3583 1427 3651 pro

146 3690 205 3733 sua
225 3678 318 3757 parte
339 3668 382 3733 ad
403 3669 485 3734 haec
507 3690 678 3755 persuasos
701 3667 1072 3749 1111111111111111111111111,1
1099 3656 1155 3756 {lui
1176 3667 1244 3734 illis
1267 3670 1374 3735 omnia
1392 3667 1426 3730 si·

144 3772 235 3838 milia
256 3795 430 3861 procurare
453 3773 652 3857 studuerunt,
687 3784 718 3838 11
741 3772 872 3860 quidem
903 3772 958 3837 tali
986 3765 1098 3839 modo.
1131 3770 1282 3860 Contigit
1304 3772 1427 3861 quodam

145 3886 289 3967 tempore
312 3889 385 3945 ante
409 3902 517 3944 meum
527 3879 634 3965 Praga
647 3881 779 3963 exitum,
810 3877 896 3966 quod
918 3888 983 3942 tres
1002 3874 1127 3944 «Iudaei
1151 3880 1285 3965 saepius
1307 3879 1426 3946 11111111-

145 4005 214 4048 rem
235 4004 351 4064 meam,
385 3985 420 4048 in
453 3984 569 4066 locum,
606 3984 663 4049 ubi
693 4006 767 4050 suas
791 4005 916 4049 merces
950 3981 1093 4048 vendere
1117 3981 1256 4069 solebat,
1277 3983 1423 4062 venerint,

145 4088 270 4156 occulte
292 4088 373 4155 haec
396 4098 538 4176 agentes.
559 4089 653 4155 Unus
669 4098 743 4177 post
755 4090 891 4155 alterum
907 4110 979 4153 earn
997 4088 1144 4170 accessit,
1157 4085 1260 4155 illam
1274 4089 1426 4177 alloquen-

145 4204 203 4278 tes,
227 4203 263 4259 ut
284 4195 365 4261 haec
387 4196 468 4261 mihi
490 4193 683 4280 manifestet,
707 4195 795 4281 quod
818 4197 847 4261 si
866 4196 965 4262 velim
988 4197 1035 4261 eis
1049 4193 1237 4283 quindecim
1256 4208 1424 4283 'sexagenas

145 4319 331 4383 grossorum
352 4301 603 4366 Bohemicorum
625 4299 714 4385 dare,
738 4323 773 4366 se
797 4302 926 4368 efficere
938 4301 1037 4383 velle,
1061 4301 1235 4385 utPragac
1250 4298 1424 4391 bonismeis

144 4411 238 4468 utens
270 4429 463 4492 permanere
496 4407 635 4494 possim,
671 4407 741 4471 sine
776 4408 864 4472 omni
897 4404 1102 4473 incommodo
1131 4412 1164 4471 et
1196 4406 1422 4495 impedimento.

126 4506 237 4572 ¹Haec
258 4508 336 4575 dum
356 4502 436 4575 mihi
459 4533 542 4576 uxor
573 4510 721 4592 dixisset,
754 4510 923 4598 denegavi,
947 4534 1021 4576 cum
1042 4532 1117 4575 reus
1140 4532 1207 4576 non
1230 4512 1361 4597 fuerin,
1375 4526 1422 4573 neo
1471 4576 1473 4595 Ι

140 4611 326 4698 judicatus:
350 4615 480 4698 dicens,
503 4637 556 4680 me
578 4615 660 4683 nihil
682 4615 768 4681 velle
782 4615 961 4684 latrociniis
983 4621 1129 4708 ipsorum
1151 4617 1285 4686 addere.
1328 4617 1420 4701 Inque
1465 4693 1467 4699 y

143 4724 259 4804 postea
279 4717 372 4788 brevi
393 4719 514 4801 factum
535 4720 605 4807 tuit,
628 4721 716 4812 quod
729 4721 811 4821 haec
838 4724 1049 4795 contradictio
1071 4745 1125 4793 me
1148 4725 1222 4795 sine
1243 4724 1334 4793 omni
1347 4717 1419 4807 culpfl
