2946 5086
141 212 207 282 294

1368 386 1416 440 1³⁸8·

144 540 194 597 Ubi
212 551 331 597 narratur
349 541 381 594 de
401 544 532 596 innocenti
546 551 628 596 morte
640 450 928 599 Nicossagughzw
946 535 1155 589 concrematione
1175 547 1277 604 eorum,
1295 527 1364 601 quod
1464 532 1468 593 i

178 614 211 665 ad
230 624 338 666 mortem
369 620 394 663 et
412 610 566 680 supplicium
590 611 765 680 procedentes
794 608 864 661 nullu
891 606 969 659 modo
985 608 1094 658 flectere
1112 603 1263 672 voluerunt,
1280 611 1366 669 neque
1465 596 1469 659 l

180 682 254 733 aliter
271 696 357 744 orare,
375 681 425 732 uisi
443 684 476 734 ad
494 683 578 735 Deum
596 683 696 751 vivum,
714 680 758 745 qui
774 680 802 730 iu
820 674 901 730 coelis
927 683 976 742 est,
993 684 1019 729 et
1032 688 1111 743 quam
1139 681 1291 725 constantes
1309 670 1364 722 fue·
1468 722 1471 735 ,

174 752 225 803 rint
242 765 324 820 usque
343 749 375 801 ad
394 761 503 804 mortem
530 775 1236 806 .................
1244 802 1247 806 ,
1273 777 1282 795 ·
1317 778 1325 792 ·
1359 731 1424 793 ·214
1468 740 1471 809 Ι

698 815 805 904 Caput
833 815 883 880 10.

145 901 196 958 Ubi
222 905 334 958 refertur
352 904 385 957 do
417 906 526 972 quadam
545 905 643 959 llartba
661 921 675 957 a
694 905 790 956 Sancto
818 900 961 971 Clemente,
980 915 1047 970 quae
1071 899 1149 979 etiam
1178 897 1247 980 sicut
1265 896 1365 965 priores

180 983 287 1042 propter
304 975 480 1027 testimouium
501 975 595 1028 Christi
612 977 668 1027 sine
687 975 756 1027 omni
772 973 823 1025 alia
841 972 916 1038 culpa
947 970 1081 1021 combusta
1105 967 1152 1049 furt
1162 982 1173 1049 Ξ
1191 966 1270 1050 simul
1288 976 1368 1032 quare

180 1042 337 1111 rebaptisata
356 1042 443 1110 fuerit,
461 1053 585 1105 narratur,
605 1050 631 1096 et
648 1044 719 1110 quod
738 1041 771 1095 ad
788 1049 897 1094 mortem
915 1039 1061 1108 procedens
1079 1035 1143 1089 nulli
1161 1051 1271 1104 imagini
1289 1034 1370 1086 bono·

180 1126 236 1164 rem
254 1111 377 1164 exhibere
395 1114 506 1168 voluerit
541 1140 1367 1168 ....................
1382 1097 1424 1153 217

699 1176 807 1268 Caput
830 1177 879 1245 11.

145 1264 175 1317 ln
193 1279 245 1332 quo
263 1274 379 1320 narratur
397 1267 430 1319 de
448 1267 563 1320 adventu
580 1267 650 1337 regis
667 1265 835 1335 Ferdinandi,
855 1281 913 1317 cum
936 1279 981 1317 sua
1001 1261 1144 1314 conthorali
1181 1261 1210 1314 in
1229 1259 1373 1314 Bobemiae

178 1348 296 1403 reguum,
314 1335 390 1387 simul
411 1337 443 1388 de
463 1339 631 1388 coronatione
660 1335 776 1401 ejusdem
794 1338 864 1404 regis
889 1341 915 1385 et
932 1334 1047 1402 reginae.
1082 1330 1146 1384 ltem
1181 1331 1215 1382 ad
1234 1345 1332 1397 preces
1350 1334 1374 1381 et

179 1404 393 1470 supplicationem
411 1405 583 1474 relegatorum
602 1420 647 1458 rex
666 1409 703 1457 eis
723 1404 844 1457 concedit
860 1403 959 1455 salvum
978 1400 1133 1453 conductum
1151 1414 1199 1466 per
1210 1407 1296 1452 totum
1311 1414 1369 1467 reg·

179 1486 241 1523 nuru
260 1480 347 1524 contra
367 1488 468 1525 omnem
486 1475 643 1526 violentiam.
678 1475 779 1526 Eodem
796 1481 914 1538 tempure
942 1477 1067 1537 ceperunt
1084 1477 1112 1521 et
1139 1469 1370 1520 incarceraverunt

179 1540 457 1664 gtffisdaffiwhonestas
487 1543 588 1605 viduas,
615 1550 641 1596 et
667 1544 797 1610 quendam
826 1541 926 1594 Slivvelu
956 1541 1035 1592 altera
1060 1540 1120 1656 rice
1146 1538 1270 1658 ,tornum
1278 1537 1373 1658 jaje:
1385 1599 1426 1655 218
1468 1602 1471 1654 ξ

701 1679 808 1767 Oaput
832 1678 880 1743 12.

146 1761 195 1815 Ubi
215 1763 370 1818 describitur
400 1781 442 1818 res
471 1767 534 1818 mira
553 1767 585 1819 de
605 1767 714 1836 quadam
741 1766 843 1835 ancilla,
871 1781 938 1834 quae
964 1764 1066 1816 infirma
1094 1763 1175 1830 jacuit
1193 1760 1264 1827 apud
1283 1760 1367 1814 civem

181 1849 260 1886 uuum
288 1835 313 1884 in
341 1833 489 1901 Opatowio,
508 1837 534 1887 iu
553 1853 603 1903 qua
621 1836 771 1889 infirmitate
789 1838 960 1904 sanguineum
987 1834 1109 1886 sudorem
1136 1831 1248 1893 sudavit,
1276 1838 1304 1883 et
1330 1844 1370 1882 res

182 1906 259 1954 miras
277 1905 365 1954 locuta
383 1903 437 1954 fuit.
474 1904 536 1957 ltem
556 1905 589 1959 de
606 1904 679 1957 abitu
710 1909 780 1975 regis
805 1920 863 1956 cum
882 1904 997 1957 exercitu
1015 1902 1048 1953 ad
1072 1900 1232 1968 Huugariam
1251 1907 1313 1966 post
1330 1913 1368 1951 re·
1467 1895 1471 1948 ἶ

183 1975 349 2024 novationem
379 1981 495 2044 senatus,
522 1972 567 2024 ubi
595 1973 658 2027 felix
675 1989 734 2027 esse
766 1975 861 2042 eoepit,
880 1982 905 2027 et
923 1974 979 2041 regi
996 1971 1065 2024 filius
1093 1969 1282 2022 maximilianus
1300 1977 1425 2088 unitus221

188 2041 235 2092 fuit
253 2041 304 2092 boc
321 2055 389 2091 anuo
408 2049 456 2093 etc.
507 2072 1371 2098 ....................

706 2110 813 2201 Caput
835 2114 886 2179 13.

147 2193 197 2247 Ubi
214 2196 368 2264 insinuatur,
388 2196 457 2263 quod
476 2212 521 2251 rex
540 2197 720 2252 Ferdinanlus
739 2202 765 2252 in
783 2200 913 2268 ilungaria
927 2198 1040 2250 existens
1051 2193 1172 2248 Bobemis
1190 2192 1279 2246 literas
1293 2193 1375 2258 scrip·

182 2267 252 2328 serit,
272 2264 412 2326 insinuans,
430 2266 500 2330 quod
517 2269 602 2318 omnia
621 2267 689 2320 bene
708 2278 735 2320 et
753 2269 862 2321 feliciter
880 2269 1030 2330 succedant,
1048 2263 1147 2318 ibidem
1166 2262 1246 2314 nrbes
1265 2271 1375 2315 etarees

184 2340 324 2403 expugnet,
342 2347 486 2401 omnesque
504 2336 589 2388 eidem
608 2351 637 2388 se
654 2337 802 2404 subjiciant,
822 2347 848 2390 et
866 2352 914 2405 pro
933 2337 1038 2388 domiuo
1058 2348 1105 2385 suo
1124 2339 1269 2399 agnoscant
1322 2371 1328 2385 .
1366 2326 1427 2383 .223

705 2405 811 2493 Caput
835 2407 886 2472 14.

145 2487 196 2541 Ubi
214 2487 366 2552 insinuatur,
385 2489 454 2555 quod
487 2506 532 2543 rex
551 2489 732 2545 Ferdinandus
763 2495 849 2546 denuo
867 2495 955 2545 literas
974 2505 1006 2543 ex
1025 2488 1158 2557 llungaria
1176 2489 1202 2540 in
1223 2485 1373 2540 bohemiam

181 2558 362 2622 transmiserit,
393 2559 555 2627 significans,
575 2561 644 2628 quod
659 2563 708 2613 sibi
728 2565 814 2614 omnia
833 2562 900 2614 bene
919 2568 945 2613 et
963 2559 1074 2612 feliciter
1092 2558 1281 2626 successerint,
1301 2556 1373 2609 Unda

181 2635 207 2677 et
225 2626 292 2676 aliae
311 2627 431 2677 civitates
451 2642 479 2679 se
510 2631 534 2680 ei
566 2629 739 2694 subjecerint3
758 2631 834 2683 simul
852 2645 941 2699 regem
960 2628 1088 2681 loannem
1114 2635 1270 2695 persecutus
1296 2624 1373 2678 fuerit

184 2695 290 2755 tamdiu,
312 2694 396 2744 donee
415 2712 474 2746 eum
492 2713 581 2765 regem
600 2714 633 2751 ex
651 2698 780 2768 Hungaria
799 2700 950 2767 expulisset,
969 2700 1079 2766 ipseque
1097 2710 1144 2761 pro
1161 2708 1226 2763 rege
1237 2703 1374 2760 susceptus

187 2772 212 2814 et
231 2771 369 2814 coronatus
388 2764 491 2816 taudem
510 2767 598 2830 fuerit,
617 2782 668 2818 una
687 2784 744 2818 cum
764 2773 855 2839 regina
872 2769 947 2820 Anna
965 2765 1108 2818 conthorali
1125 2779 1173 2818 sua
1192 2799 1373 2819 .....
1389 2759 1428 2815 tlt

707 2834 814 2923 Caput
837 2839 886 2904 15.

149 2915 178 2966 ln
197 2932 248 2984 quo
267 2915 431 2986 describitur,
450 2921 536 2985 qualia
554 2929 615 2972 tunc
632 2925 756 2988 temporis
775 2925 897 2977 miracula
915 2938 944 2976 se
963 2920 1050 2974 multis
1071 2917 1219 2972 bominibus
1245 2917 1376 2971 exbibue-

184 2990 242 3039 rint.
276 2984 391 3037 Tandem
410 2989 481 3053 quod
500 3004 545 3040 rex
563 2989 742 3043 Ferdiuandus
761 2994 915 3045 officialibus
932 2994 1011 3060 regiis
1029 2989 1198 3050 mandaverit,
1218 2994 1247 3038 ut
1265 3001 1376 3054 compo·

185 3057 305 3106 sitiouem
325 3054 489 3107 amicabilem
507 3059 574 3109 iuter
592 3058 721 3126 relegatos
735 3069 760 3112 et
777 3061 1052 3131 Pragenseseificiant,
1063 3057 1227 3124 quudtumeu
1244 3056 1278 3107 ad
1297 3055 1377 3109 elfec-

184 3133 237 3174 tum
256 3139 332 3174 suum
351 3137 404 3173 nun
423 3129 548 3190 pervenit.
584 3125 728 3191 Pragenses
747 3133 815 3185 enim
842 3133 867 3183 iu
891 3147 936 3182 sua
966 3130 1110 3180 intentione
1133 3133 1376 3193 perseveraverunt

185 3191 248 3246 ltcm
267 3192 398 3259 quomodo
412 3195 492 3245 reuiu
511 3196 553 3247 die
573 3210 670 3246 coenae
689 3197 794 3252 Domini
813 3200 979 3252 devotionem
997 3213 1068 3247 suam
1087 3194 1210 3262 religiose
1228 3195 1370 3264 peregerit,

183 3261 342 3330 pauperibus
362 3262 443 3328 pedes
462 3263 561 3328 laverit,
580 3267 689 3332 ipseque
709 3269 807 3322 eisdem
826 3278 943 3337 tompore
971 3265 1072 3334 prandii
1097 3263 1131 3315 ad
1149 3277 1266 3315 mensam
1284 3265 1370 3316 iuscr-
1384 3323 1426 3385 W

183 3332 277 3386 viverit
315 3366 334 3390 ,.
367 3366 375 3380 .
408 3369 414 3382 .
455 3359 463 3371 ·
500 3365 1368 3393 .....................

705 3404 812 3494 Caput
834 3405 884 3472 16.

151 3487 179 3541 lu
199 3501 250 3552 quo
268 3487 413 3541 insinuatur
431 3486 463 3538 de
481 3488 639 3555 lmperatore
657 3499 683 3543 et
700 3493 782 3562 liege,
802 3493 934 3563 quomodo
952 3492 1053 3557 utrique
1070 3489 1172 3542 fortuna
1190 3486 1233 3539 his
1250 3488 1373 3556 tempori·

184 3555 232 3608 bus
252 3556 353 3621 laverit,
372 3553 457 3622 Papae
477 3572 539 3609 vero
558 3557 635 3626 quale
653 3561 820 3614 infortunium
839 3579 854 3615 a
873 3561 986 3618 Caesare
1005 3560 1151 3628 contigerit.
1185 3554 1306 3609 Tandem
1325 3571 1373 3624 qur
1469 3588 1471 3601 ι

186 3623 308 3676 violentia
327 3623 448 3675 notabilis
466 3642 586 3679 uumerus
605 3628 843 3698 neobaptlsatorum
861 3647 909 3701 pro
927 3630 1064 3699 evangelio
1084 3633 1174 3680 sancto
1205 3640 1253 3694 per
1272 3628 1376 3694 episco-

185 3708 246 3762 pum
264 3691 372 3744 unium
390 3693 507 3759 percarus
525 3696 602 3749 ruera
628 3730 1376 3756 ..................
1391 3687 1431 3744 2³⁰
1468 3690 1471 3797 i

708 3764 815 3856 Caput
837 3770 887 3836 17.

149 3847 199 3902 Ubi
218 3854 322 3901 notatur
337 3847 371 3899 de
391 3863 515 3910 caesareo
542 3855 658 3907 exercitu
677 3862 703 3906 et
721 3857 837 3923 ejusdem
856 3859 883 3908 in
902 3854 982 3924 ltalia,
1000 3859 1053 3904 tum
1071 3851 1233 3913 Florentiae,
1252 3856 1309 3903 tuna
1327 3851 1376 3904 llo·

184 3934 240 3969 '¹¹⁸⁰
260 3902 452 3985 Pf⁰8¹⁰⁸⁸ibl¹⁸s
471 3927 497 3969 et
515 3919 571 3971 aliis
591 3924 694 3976 casibus
713 3926 740 3976 iu
766 3927 807 3977 via
840 3928 946 3986 exortis,
978 3926 1022 3988 qui
1051 3922 1163 3975 feliciter
1192 3926 1283 3970 tamen
1319 3935 1376 3974 cae·

182 4002 257 4038 stret)
276 3986 403 4038 exercitui
421 3988 595 4056 contigerunt.
626 3992 706 4045 Simul
725 3994 856 4060 quomodo
874 3993 944 4063 Papa
961 3994 1091 4046 Romanos
1109 3987 1289 4045 adhortetur.
1328 4026 1335 4042 .
1368 3981 1429 4041 ,131

706 4059 813 4149 Caput
836 4063 885 4127 18.

149 4141 199 4194 Ubi
218 4137 381 4208 describitur,
400 4140 532 4207 quomodo
551 4148 681 4199 exercitus
700 4164 838 4202 caesareus
857 4149 965 4201 llomam
977 4143 1175 4214 oppugnaverit,
1186 4140 1257 4212 Papa
1277 4152 1376 4199 vernet

183 4208 328 4262 cardinales
346 4211 470 4280 fugerint,
488 4219 514 4262 et
532 4224 656 4281 quantum
674 4219 787 4285 praedae
806 4218 904 4272 ibidem
921 4216 1107 4287 acquisiverint
1151 4245 1376 4270 ......
1390 4205 1429 4263 233

706 4285 814 4375 Caput
837 4287 889 4354 19.
1466 4280 1471 4385 i

148 4365 196 4418 Ubi
216 4362 370 4419 describitur
389 4365 422 4418 de
440 4364 547 4434 reginae
565 4368 656 4423 Annae
675 4370 783 4443 Pragam
802 4373 924 4426 adventu.
941 4372 1006 4425 ltem
1017 4367 1148 4439 quomodo
1167 4369 1261 4422 exules
1280 4386 1296 4423 a
1314 4384 1375 4440 rege

182 4442 332 4486 constanter
345 4437 443 4499 justam
462 4439 636 4500 provisionem
655 4449 680 4493 et
700 4443 879 4496 defensionem
897 4442 1045 4510 petiverint,
1064 4451 1148 4504 nsque
1167 4436 1228 4489 dum
1248 4453 1283 4492 eo
1297 4441 1376 4494 dere·
1468 4432 1471 4517 l

180 4507 272 4566 nisset,
290 4503 361 4567 quod
380 4504 516 4556 terminum
535 4509 683 4561 audientiae
702 4514 804 4578 utrique
824 4514 891 4577 parti
909 4510 1090 4579 assignaverit,
1110 4514 1137 4558 et
1154 4507 1246 4572 quales
1262 4517 1375 4562 tunore·

181 4573 335 4624 luctutiones
355 4571 457 4623 fuerint.
492 4572 605 4628 Tandem
624 4581 773 4632 concedens
792 4580 835 4632 ille
854 4580 954 4633 salvum
973 4578 1132 4630 conductum
1150 4575 1273 4629 exulibus
1292 4579 1376 4630 resci-
1469 4596 1471 4603 ·

181 4641 219 4690 alit
237 4640 430 4691 accusationem
449 4647 475 4691 et
492 4643 525 4693 ad
543 4649 744 4701 transactionem
762 4664 808 4701 eos
836 4651 946 4711 remisit,
964 4655 990 4699 et
1011 4647 1072 4698 dum
1084 4659 1116 4695 eo
1132 4641 1298 4712 devenisset,
1308 4662 1372 4699 eru·

172 4709 215 4760 les
232 4723 282 4759 sua
300 4709 454 4776 gravamina
472 4723 673 4782 proposuerunt,
691 4715 834 4786 Pragenses
852 4732 917 4770 vero
935 4717 993 4769 illos
1011 4713 1124 4767 ludibrio
1143 4711 1275 4767 babentes
1294 4717 1372 4769 remi·

165 4784 278 4843 serunt3
296 4776 348 4831 sed
365 4778 393 4832 bi
414 4779 503 4833 denuo
522 4785 705 4839 accusationes
724 4802 785 4840 suas
800 4786 977 4855 protulerunt,
986 4784 1035 4837 ubi
1056 4796 1104 4835 rex
1121 4779 1155 4840 tle
1172 4797 1246 4837 novo
1264 4784 1326 4839 illos
1344 4780 1375 4836 sd

157 4849 376 4906 transactionem
394 4852 502 4914 remisit
545 4889 911 4912 .........
940 4870 947 4884 ·
986 4887 993 4903 .
1029 4890 1037 4906 ,
1068 4883 1076 4897 -
1110 4884 1119 4901 .
1152 4883 1160 4902 .
1193 4885 1204 4915 =.
1236 4887 1245 4903 .
1280 4887 1290 4909 .
1321 4889 1331 4908 .
1363 4844 1425 4907 ,aei
1468 4876 1471 4963 Ι
