2946 5086
1329 124 1394 195 278

98 279 190 347 lilius
211 303 272 370 pro
292 291 385 371 patre
407 307 546 375 poenam
579 290 739 357 sustinere
758 299 891 362 tenetur.
934 293 1017 361 Item
1040 316 1122 385 qnae
1146 294 1395 364 Bartholomaeo

96 382 205 451 locuti
226 388 326 453 sunt?
348 390 435 477 quod
456 414 574 480 nempe
595 394 735 462 voluerit
754 396 853 462 fidem
886 396 1106 466 Christianam
1129 401 1301 487 corrigere,
1337 400 1396 468 ubi

95 496 212 556 tamen
245 492 327 558 fides
350 503 400 560 est
421 495 540 562 donum
576 498 651 583 Dei,
675 500 762 566 etin
791 511 952 590 potestate
989 505 1156 570 hominum
1188 527 1255 571 non
1277 514 1335 590 est,
1358 513 1397 574 ut

97 599 304 686 corripiatur,
328 608 362 666 et
383 602 579 671 emendetur.
622 604 668 671 Et
688 607 736 672 sic
756 607 892 675 ulterius
914 608 956 675 de
978 608 1127 677 omnibus
1149 607 1233 693 aliis,
1254 607 1395 698 ideoque

96 700 163 768 hae
201 726 319 772 causae
351 705 533 794 condignae
568 732 633 776 non
668 711 807 792 fuerunt,
840 713 927 803 quod
959 715 1014 782 vel
1046 737 1112 782 nno
1142 711 1227 802 pede
1262 735 1396 791 carcero

99 811 308 883 intraverint.

635 991 782 1061 OAPUT
804 995 857 1063 33.

99 1164 139 1224 In
163 1183 223 1243 quo
244 1166 421 1243 insinuatur,
445 1176 524 1250 quod
546 1175 615 1234 Rex
642 1170 820 1252 magistrum
840 1169 956 1233 Passek
977 1172 1017 1231 ad
1038 1189 1072 1230 se
1092 1169 1176 1230 citari
1193 1167 1298 1269 jussit,
1310 1169 1395 1248 eique

102 1256 250 1328 quosdam
273 1276 411 1319 excessus
438 1270 540 1321 contra
561 1262 674 1341 Regem
686 1262 873 1323 Ludovicum
894 1258 1069 1320 commissos
1089 1264 1288 1335 proposuerit.
1311 1257 1394 1318 Tan·

102 1340 174 1399 dem
197 1343 276 1419 qnod
303 1343 387 1404 illum
408 1348 602 1424 admonuerit,
624 1356 658 1410 ut
676 1346 914 1409 Administretor
938 1343 1072 1405 (lachana
1093 1344 1247 1405 conciones
1267 1343 1395 1404 insolen-

102 1433 150 1486 tes
173 1435 203 1485 et
235 1430 275 1488 ad
296 1433 454 1494 tumultum
477 1445 505 1496 et
534 1437 663 1496 dissidia
696 1437 877 1496 concitantes
907 1432 1034 1494 omittat.
1077 1428 1174 1492 Simul
1196 1431 1275 1506 quod
1297 1430 1393 1531 cidem

102 1513 221 1573 Passek
229 1515 298 1576 Rex
311 1519 462 1596 objecerit,
485 1525 566 1601 quod
578 1523 755 1599 quibusdam
773 1517 945 1584 civitatibus
956 1519 1135 1598 persuadere
1158 1524 1281 1578 conatus
1293 1515 1397 1616 luerit,

105 1607 139 1658 ut
162 1619 196 1660 se
217 1620 236 1660 a
257 1602 340 1682 Rege
364 1604 455 1685 dirigi
488 1630 549 1669 non
582 1610 691 1670 sinant.
734 1610 813 1671 Item
835 1609 913 1686 quod
935 1618 1039 1666 contra
1068 1606 1240 1702 mandatum
1261 1602 1391 1681 Regmm

101 1687 248 1764 populum
269 1692 309 1752 ad
329 1696 556 1772 praecedentem
577 1699 717 1757 unionem
737 1698 917 1776 persuadere
937 1692 1074 1754 voluerit.
1117 1690 1233 1754 Ultimo
1255 1706 1314 1765 quo
1333 1708 1394 1752 mo·

469 1785 507 1845 do
528 1784 613 1844 illum
634 1785 735 1863 Praga
756 1785 878 1845 exulare
894 1779 1032 1859 jusserit.

185 1942 360 2033 Postquam
375 1947 484 2037 itaque
504 1951 628 2019 haeres
642 1959 708 2018 tam
730 1951 788 2017 diu
807 1958 990 2039 protractae
1010 1945 1173 2027 fuisssent,
1204 1943 1292 2032 quod
1313 1944 1395 2010 baec

97 2043 238 2112 dissidia
258 2048 300 2114 ad
321 2050 421 2117 finem
443 2066 476 2119 et
507 2055 680 2121 terminum
700 2056 874 2143 pervenire
894 2075 961 2119 non
981 2052 1151 2140 potuerint,
1184 2056 1318 2136 propter
1339 2070 1394 2140 na·

95 2149 166 2215 rias
190 2171 304 2217 causas
339 2155 423 2243 Regi
446 2164 477 2224 et
497 2157 611 2245 Regno
644 2160 853 2242 necessarias,
888 2156 993 2223 subito
1016 2178 1093 2222 casu
1125 2175 1210 2220 novo
1233 2163 1265 2222 et
1286 2157 1393 2223 homi-

95 2251 160 2319 bus
183 2255 390 2343 inexpectato
405 2260 535 2339 accidit,
562 2261 649 2348 quod
661 2263 733 2329 Rex
752 2267 943 2349 magistrum
954 2259 1079 2326 Passek
1107 2257 1151 2324 ad
1172 2279 1209 2324 se
1229 2259 1265 2323 in
1282 2277 1395 2326 ¹arcent

94 2357 194 2422 citari
210 2358 357 2445 jusserit,
379 2361 433 2428 die
453 2362 566 2431 Martis
587 2365 879 2432 anteDominicam
900 2362 1084 2430 Palmamm
1115 2361 1150 2450 (5
1167 2361 1273 2450 Apu),
1297 2383 1394 2450 quem

94 2461 257 2530 allocutus
278 2463 340 2531 fuit
360 2467 402 2533 de
424 2468 617 2557 quibusdam
638 2470 735 2538 rebus
757 2470 812 2537 hic
833 2468 1034 2557 subscriptis.
1077 2464 1256 2532 Admonuit
1275 2486 1392 2555 nempe

93 2588 175 2632 eum
197 2575 230 2633 et
251 2589 383 2635 cansam
417 2573 523 2642 eidem
546 2573 692 2641 attribuit
712 2575 747 2640 in
781 2572 975 2663 quibusdam
1005 2569 1104 2638 rebus
1137 2578 1249 2636 contra
1280 2591 1393 2656 regem

92 2671 192 2752 actis,
214 2671 249 2736 in
271 2675 486 2743 concitatione
507 2678 618 2767 populi
648 2679 689 2746 ab
712 2678 768 2745 illo
791 2679 877 2745 facta
914 2685 1026 2745 uonna
1046 2675 1168 2763 Regem
1188 2672 1393 2741 Ludovicum

92 2781 126 2839 et
142 2773 405 2866 Fordinandum3
427 2779 484 2847 ille
504 2805 582 2850 vero
605 2786 698 2873 quasi
718 2783 811 2872 lepus
833 2784 915 2849 retia
934 2783 1039 2849 vitare
1061 2779 1186 2863 volens,
1210 2780 1392 2846 exeusatio-

91 2876 196 2943 nibus
227 2888 259 2944 et
294 2885 539 2972 exceptionibus
568 2890 668 2955 variis
701 2911 734 2953 se
765 2886 922 2971 defendit,
951 2886 1076 2965 dicens,
1107 2883 1189 2950 haec
1222 2883 1328 2969 egisse
1350 2881 1394 2950 ad

92 2980 187 3047 huno
218 2982 386 3056 velillum
408 3010 546 3056 sensum.
589 2991 663 3057 Rex
685 3013 759 3057 eum
791 2990 937 3074 audiens,
960 2988 1085 3055 distulit
1116 2988 1150 3053 in
1172 2986 1272 3053 alium
1294 2986 1392 3074 diem,

94 3087 187 3177 quod
208 3089 250 3155 de
271 3090 321 3156 his
342 3093 602 3159 informationem
623 3093 791 3160 meliorem
813 3095 977 3181 inquirere
998 3091 1088 3159 velit.
1131 3089 1279 3156 Tandem
1299 3088 1393 3155 illum

96 3193 243 3259 secundo
259 3199 351 3262 citari
368 3198 467 3286 jussit
489 3197 542 3264 die
564 3197 659 3264 lunae
683 3199 839 3284 sequenti,
860 3196 895 3263 id
908 3205 957 3264 est
978 3204 1093 3283 quarta
1103 3194 1157 3260 die
1179 3205 1254 3261 ante
1273 3194 1392 3260 festum

98 3296 215 3365 Sancti
237 3300 386 3385 Tiburtii,
410 3311 442 3368 et
456 3301 613 3368 allocutus
643 3302 748 3367 denuo
770 3303 831 3367 fuit
851 3300 953 3380 illum,
970 3303 1042 3389 jam
1064 3296 1290 3363 certitudinem
1312 3318 1390 3384 pos·

99 3401 213 3468 sidens
236 3403 276 3470 de
308 3404 456 3493 ejusdem
478 3406 676 3489 excessibus,
699 3414 831 3495 propter
853 3426 934 3490 quos
956 3405 992 3469 in
1014 3402 1203 3489 disgratiam
1228 3410 1260 3466 et
1286 3399 1391 3489 indig-

97 3508 266 3573 nationem
289 3531 441 3596 magnam
463 3509 550 3576 illius
572 3510 697 3593 incidit,
721 3509 784 3575 hoc
807 3530 920 3574 sensu:
942 3507 1051 3573 Primo
1077 3505 1163 3594 quod
1185 3506 1300 3571 attinet
1312 3505 1391 3571 Gal-

97 3610 168 3677 lum
191 3610 348 3696 Ozahera,
372 3613 533 3701 quondam
555 3613 858 3697 administratorem,
883 3611 960 3677 dum
982 3610 1155 3676 conciones
1176 3610 1286 3675 varias
1308 3607 1389 3673 mul·

97 3726 149 3780 tas
173 3723 206 3780 et
226 3717 381 3804 populum
402 3717 445 3783 ad
466 3719 636 3784 tumultum
659 3720 859 3784 concitantes
871 3717 1034 3798 dixerunt,
1046 3712 1237 3801 praesertim
1258 3710 1388 3801 quando

95 3820 219 3909 populo
241 3823 276 3886 in
309 3824 498 3888 memoriam
520 3823 659 3908 reduxit,
682 3825 895 3912 imperatores
919 3831 952 3887 et
973 3841 1067 3905 reges
1089 3816 1266 3883 Bohemiae
1299 3824 1387 3882 ante·

97 3925 263 4010 cedentes,
295 3927 380 4014 quod
414 3928 545 3994 eosdem
575 3929 759 4014 Pragenaes
792 3949 849 4017 pro
883 3925 1049 3994 voluntate
1083 3943 1141 3987 sua
1170 3921 1391 4007 persuaserint

98 4029 360 4120 quandocunque
382 4033 554 4118 voluerint,
588 4033 781 4100 concitando
804 4032 951 4099 homines
974 4029 1016 4095 ad
1038 4026 1125 4092 mala
1154 4023 1284 4110 agenda
1317 4047 1388 4090 con-

96 4143 148 4200 tra
171 4134 337 4201 dominum
360 4159 452 4203 suum
475 4138 735 4222 haereditarium,
759 4159 800 4202 ne
824 4136 926 4202 ullum
948 4132 1112 4199 hominem
1135 4131 1279 4213 timeant,
1302 4130 1390 4215 quod

97 4262 213 4306 omnes
236 4242 369 4307 insimul
391 4243 558 4327 foederati,
582 4245 674 4333 quasi
696 4243 792 4309 homo
813 4265 897 4308 unus
920 4241 994 4323 sint,
1024 4235 1174 4326 quodque
1196 4233 1304 4299 nullus
1328 4235 1388 4301 eis·

97 4344 183 4429 dem,
210 4346 307 4411 etiam
329 4347 503 4415 modernus
525 4372 586 4416 rex
606 4349 727 4415 malum
750 4346 882 4436 aliquod
903 4344 1023 4410 inferre
1044 4342 1156 4428 possit,
1181 4337 1301 4403 etdum
1322 4337 1389 4422 ille,

94 4448 224 4516 Passek
246 4473 373 4540 nempe,
395 4454 568 4540 primarius
590 4453 632 4518 de
654 4461 769 4518 senatu
790 4449 880 4516 urbis
903 4446 1078 4535 Pragensis
1102 4443 1234 4508 effectus
1263 4441 1388 4525 ficisset,

95 4554 186 4645 quod
220 4554 326 4622 eidem
361 4565 393 4622 et
414 4558 540 4625 senatui
561 4559 620 4623 toti
640 4580 702 4624 rex
736 4556 866 4643 saepius
898 4550 1075 4641 scripserit,
1105 4548 1202 4614 ctiam
1236 4553 1389 4612 oretenus

96 4680 215 4729 severe
237 4659 450 4746 mandaverit,
473 4671 509 4730 ut
531 4661 637 4732 eidem
659 4659 754 4731 Gallo
762 4660 936 4729 conciones
957 4656 1039 4724 tales
1061 4653 1279 4824 inhilqessantrn,
1302 4646 1389 4736 quod
