2946 5086
142 141 207 213 268

149 336 361 405 quaecunque
382 313 448 382 illis
468 315 621 403 placent,
643 317 728 385 aeus
746 317 868 407 pariter
902 315 984 384 baec
1004 314 1077 382 fieri
1107 313 1151 380 ob
1172 312 1256 378 alias
1275 308 1434 377 inordina·

147 422 254 487 tiones
292 428 326 485 et
357 416 493 485 dissidia
513 441 574 507 per
604 418 680 485 illos
700 422 735 488 ia
768 421 888 511 populo
911 427 1052 502 causan,
1073 417 1219 484 maxime
1240 436 1304 502 per
1325 412 1432 479 tumul·

146 531 199 591 tus
220 533 253 589 et
283 523 504 589 dissensiones
533 522 584 588 bis
613 527 706 591 annia
738 525 865 612 Pragae
898 533 1038 607 exortae,
1061 522 1158 588 simul
1179 519 1281 586 etiam
1303 516 1347 584 ob
1368 538 1432 605 per·

148 629 331 695 secutiones
352 627 465 715 populi
486 629 666 694 communis
687 650 747 717 per
766 652 881 696 manus
903 628 1014 711 laicas,
1035 627 1255 693 correctiones
1271 621 1433 689 ecclesiae·

149 735 229 799 tioas
257 732 464 798 inconsuetae
492 732 624 815 infide,
646 754 721 799 oum
751 733 826 801 aliis
862 731 1105 820 gravaminibus
1126 729 1238 795 multis
1267 749 1369 816 supra
1386 726 1434 791 de·

140 837 277 924 ,scriptis
297 857 358 922 per
380 834 531 922 dogmata
552 858 671 919 eorum,
695 846 728 903 et
747 837 812 904 alia
833 837 1011 902 innumera
1052 835 1176 901 Ultimo
1198 832 1337 899 tandem
1357 830 1434 919 quod

149 960 247 1006 causa
265 937 386 1004 fuerint
405 941 610 1027 nuperrimae
633 943 902 1009 concremationis
922 942 1050 1008 illarum
1073 941 1217 1027 quinque
1228 956 1434 1024 personarum

147 1043 210 1110 boo
232 1042 390 1130 supplicio
411 1043 610 1127 effectarum,
633 1044 719 1133 quod
740 1047 851 1134 itaque
872 1046 991 1114 multos
1013 1044 1160 1111 homines
1181 1039 1433 1119 obeoecaverint,

149 1157 185 1216 ut
205 1148 315 1215 oculos
348 1147 504 1215 habentes
526 1171 592 1216 non
616 1150 750 1217 videant
771 1159 803 1216 et
824 1149 1023 1216 intellectum
1054 1147 1212 1214 habentes
1234 1165 1305 1210 non
1326 1139 1433 1208 intelli·

151 1261 239 1340 gant,
262 1251 342 1339 quid
362 1253 483 1319 bonum
505 1262 562 1319 aut
581 1253 702 1319 malum
724 1256 773 1321 sit
818 1255 906 1338 Quid
929 1256 1015 1320 enim
1037 1252 1167 1319 seduxit
1187 1271 1306 1337 regem
1327 1244 1432 1313 Aobab

150 1366 184 1424 et
214 1378 324 1444 regem
347 1356 550 1442 sedechiam,
575 1357 795 1447 populumque
828 1381 947 1443 eorum,
971 1356 1049 1447 qnid
1070 1356 1240 1422 civitatem
1260 1349 1433 1420 Jerusalem

148 1471 224 1529 ante
244 1463 441 1550 ipsissimam
477 1463 547 1549 ejus
578 1464 839 1549 destructionem,
880 1465 945 1530 nisi
979 1462 1055 1529 falsi
1088 1459 1271 1549 prophetae
1309 1464 1345 1522 et
1363 1454 1433 1540 legis

149 1564 320 1652 magistri?
353 1564 505 1654 quodque
529 1567 628 1633 etiam
649 1569 728 1635 talia
751 1567 901 1656 exempla
932 1570 968 1633 in
989 1574 1182 1632 testamento
1203 1563 1271 1629 Dei
1293 1569 1329 1627 et
1350 1558 1433 1624 bisto·

148 1667 206 1736 riis
227 1667 328 1734 multa
362 1670 579 1754 inveniantur,
602 1670 657 1738 ubi
695 1672 881 1739 sacerdotes
901 1670 1047 1760 perversi
1080 1667 1239 1758 populum
1260 1667 1297 1730 in
1320 1683 1432 1729 errores

151 1783 183 1840 et
203 1781 340 1861 peccata
360 1773 594 1861 perduxerunt,
618 1774 748 1842 tandem
770 1798 850 1843 vero
881 1774 968 1863 quod
989 1774 1081 1840 Deus
1102 1771 1186 1838 tales
1208 1770 1324 1851 duces,
1346 1765 1433 1852 magl-

152 1886 235 1943 stros
259 1884 297 1943 et·
312 1876 441 1943 illorum
463 1878 610 1945 subditos
632 1879 674 1946 ob
696 1902 751 1946 res
773 1878 896 1946 similes
918 1879 1107 1946 commissas
1138 1875 1251 1942 stricte
1271 1871 1434 1960 puniverit

150 1980 367 2048 Nihilominus
402 1982 482 2049 talia
510 1994 620 2049 tamen
647 1984 776 2074 judicia
797 1985 862 2051 Dei
904 1982 1069 2050 mirabilia
1090 1989 1176 2064 sunt,
1213 1978 1310 2043 Deus
1332 1993 1436 2060 nempe

150 2087 259 2153 variae
280 2085 493 2153 adversitates
515 2098 646 2177 propter
682 2099 817 2176 peccata
849 2089 976 2173 imittit3
1014 2085 1152 2153 subinde
1186 2083 1287 2149 etiam
1328 2079 1435 2145 electos

154 2212 228 2256 suos
256 2191 291 2255 in
325 2190 482 2278 patientia
511 2203 542 2255 et
565 2193 746 2258 constantia
781 2192 915 2281 probat3
939 2191 1017 2258 talia
1052 2212 1130 2257 vero
1154 2188 1268 2254 divina
1291 2185 1436 2279 mysteria

153 2292 552 2361 hominibus-mortalibus
576 2304 650 2361 sunt
670 2299 806 2362 occulta
829 2295 1005 2362 Sciendum
1026 2316 1105 2360 vero
1128 2291 1304 2381 est,.quod
1333 2298 1438 2376 magna

156 2400 262 2485 gratia
283 2406 317 2462 et
339 2396 533 2464 beneficium
554 2398 700 2465 divinum
722 2399 831 2478 fuerit,
854 2399 940 2489 quod
961 2398 1087 2465 Turcae
1109 2398 1197 2463 intra
1229 2395 1337 2463 breve
1368 2402 1436 2459 ten·

154 2524 215 2590 pus
245 2500 374 2567 Vienna
394 2503 610 2587 recesserint,
634 2511 666 2570 et
698 2502 775 2569 dum
811 2502 906 2570 Buda
926 2502 1111 2585 Posonium,
1134 2497 1258 2566 abinde
1289 2498 1439 2565 Viennam

154 2614 366 2694 properantes
385 2628 444 2695 per
457 2605 646 2674 Danubium
659 2609 906 2696 processissent,
919 2605 1122 2695 stipendiarii
1135 2605 1220 2691 regii
1230 2604 1438 2672 Posonienses

154 2717 315 2807 tormenta
335 2710 422 2777 infra
441 2713 606 2778 civitatem
640 2721 753 2778 contra
774 2711 849 2779 illos
872 2711 1122 2794 collocaverunt,
1143 2731 1248 2776 naves
1271 2708 1438 2775 Turcarum

156 2826 396 2901 concusserunt,
427 2838 579 2904 magnam
608 2819 736 2905 copiam
767 2817 959 2900 Turonum,
1001 2816 1056 2905 qui
1087 2817 1123 2882 in
1143 2812 1291 2881 navibus
1315 2811 1437 2891 fumant,

156 2919 321 3008 submergi
352 2921 499 2988 lecerunt
530 2930 563 2988 et
595 2921 792 3006 occiderunt,
830 2922 961 2989 tandem
998 2921 1112 2987 ultimo
1134 2928 1305 2986 tormenta
1325 2918 1436 2985 illorum

155 3029 190 3093 in
199 3025 395 3114 profundum
405 3025 551 3093 Danubii
560 3026 803 3112 immerserunt3
820 3027 897 3092 dum
909 3024 1040 3092 tandem
1061 3025 1191 3090 Turcae
1214 3022 1278 3089 alii
1290 3022 1434 3089 Viennam

155 3131 390 3222 pervenissent,
423 3140 581 3198 tormenta
602 3151 661 3218 pro
683 3130 900 3219 oppugnanda
921 3130 1051 3197 civitate
1072 3151 1140 3194 non
1160 3127 1359 3210 habuerunt,
1376 3121 1433 3190 inde

156 3259 262 3327 neque
291 3236 409 3303 damna
437 3235 538 3303 multa
569 3236 694 3301 civitati
725 3235 845 3302 inferre
873 3242 1054 3323 potuerunt,
1086 3244 1183 3321 atque
1216 3232 1304 3298 adeo
1336 3227 1433 3297 bellun

157 3341 305 3410 cessavit.
351 3340 486 3408 sivero
515 3340 578 3406 boo
599 3339 718 3407 factum
740 3362 805 3406 non
827 3340 950 3422 fuisset,
974 3338 1147 3405 difficulter
1188 3335 1302 3404 adbuc
1333 3333 1433 3403 bellun

158 3448 285 3515 finitum
306 3445 430 3512 fuisset.
948 3449 953 3460 '

692 3616 839 3684 CAPUT
860 3618 914 3686 32.

160 3819 221 3881 Ubi
242 3817 368 3878 relertur
389 3834 549 3876 consensus
571 3836 625 3896 pro
647 3816 845 3875 transactione
878 3810 956 3875 Suae
978 3812 1092 3889 Regiae
1113 3810 1293 3888 Majestatis
1320 3813 1358 3871 ed
1379 3807 1434 3890 peti·

159 3906 271 3966 tionem
292 3903 548 3965 administratoris
571 3912 600 3964 et
621 3903 821 3982 Pragensium
844 3921 911 3961 cunr
933 3901 1069 3961 exulibus
1091 3917 1201 3976 nempe
1224 3916 1297 3958 cnm
1331 3899 1435 3958 Hlavso

162 4001 192 4053 et
212 3991 355 4072 magistro
378 3991 553 4053 Wenceslao
574 3990 715 4063 Daniele;
737 3991 839 4050 exules
862 3990 954 4049 etiam
975 3987 1054 4066 quod
1076 4004 1132 4045 sua
1154 3986 1341 4063 gravamina
1354 4001 1434 4046 coram

163 4080 224 4140 illis
259 4079 471 4139 mediatoribus
500 4077 733 4149 insinuaverint3
769 4073 860 4136 simul
896 4085 925 4136 et
958 4071 1045 4152 Zy'ka
1077 4072 1159 4132 lanio
1193 4090 1266 4133 aum
1290 4076 1378 4134 turba
1398 4087 1437 4130 soa
1472 4056 1473 4080 ¹

161 4166 279 4226 illarum
301 4184 493 4245 personarum
526 4184 614 4226 onera
642 4165 748 4237 relert3
777 4165 896 4222 tandem
928 4159 997 4221 illos
1030 4159 1096 4237 pro
1115 4158 1202 4219 bonis
1226 4161 1438 4221 hominibus

162 4254 240 4331 quod
272 4253 384 4313 nullum
406 4255 516 4313 malum
538 4254 575 4312 de
597 4251 657 4311 illis
680 4250 740 4310 dici
760 4251 867 4330 possit,
899 4268 999 4309 coram
1021 4246 1157 4307 omnibus
1188 4245 1342 4326 divulgat.
1388 4245 1437 4304 aa

337 4342 457 4400 tandem
479 4348 613 4402 senatum
634 4345 766 4412 renovat,
796 4347 825 4397 et
848 4337 952 4396 exules
975 4336 1063 4395 fidem
1084 4334 1281 4412 profitentur.

247 4490 394 4557 Tandem
426 4500 571 4579 temporo
610 4490 766 4557 festorum
798 4486 1023 4555 Natalitiorum
1058 4486 1145 4551 eirca
1180 4507 1311 4552 novum
1342 4499 1436 4551 annum

163 4616 248 4661 anno
271 4597 343 4684 jam
381 4597 465 4661 1530
488 4597 619 4684 scripsit
639 4618 700 4662 rex
720 4591 1072 4679 Vetere-Pragensibus
1111 4612 1154 4656 ex
1190 4592 1336 4658 comitiis
1367 4582 1434 4654 Bnd·

153 4699 358 4791 vicensibus,
380 4723 465 4793 quae
488 4710 567 4771 tunc
587 4698 710 4768 ibidem
724 4698 836 4799 habita
850 4706 883 4764 et
904 4695 1066 4764 celebrata
1086 4696 1231 4782 fuerunt,
1266 4706 1434 4766 consensum
