2946 5086
92 168 160 245 250

92 342 154 410 soli
176 341 255 409 dare
276 361 343 408 non
364 341 491 431 possint
511 368 624 415 secure
644 369 705 437 pro
726 368 771 430 se,
805 369 867 416 nec
887 369 948 437 pro
968 348 1045 434 illis,
1077 347 1166 437 quod
1186 349 1288 415 etiam
1308 347 1373 433 qni·

94 445 170 514 dam
191 443 299 511 adhuc
330 443 372 511 de
401 445 488 517 clero
509 450 657 518 homines
689 452 826 518 incitent
845 452 880 519 in
913 453 1072 530 ecclesiis,
1103 461 1141 519 nt
1170 472 1372 540 nequaquam

91 550 341 616 transactionem
363 551 474 619 ineant
495 575 568 623 cum
589 562 681 644 parte
713 553 861 640 adversa,
890 556 948 623 sed
969 558 1060 623 utin
1082 555 1133 623 his
1154 566 1372 644 perseverent,

97 675 180 739 quae
200 653 285 719 inter
306 674 341 719 se
361 658 589 745 promiserunt,
612 667 800 744 statuerunt,
823 660 910 725 etin
932 658 1024 727 libris
1045 660 1268 728 firmaverunt.
1288 659 1372 725 Ulte-

89 762 158 827 rius
177 758 421 849 respondentes,
444 784 518 829 cum
539 784 600 830 rex
621 771 718 831 antea
739 763 866 831 dederit
877 763 1004 832 salvum
1026 765 1225 832 conductum
1246 763 1371 832 domino

90 864 224 932 Hlavvsa
245 873 277 930 et
297 865 452 951 magistro
466 866 661 935 Wenceslao
676 892 735 957 pro
757 868 880 955 aliquot
895 869 1093 958 septimanis,
1115 879 1149 936 et
1165 871 1267 958 juxta
1287 867 1371 935 illum

96 969 277 1037 conservati
297 967 428 1055 fuerint,
452 971 537 1058 quod
560 974 589 1037 si
610 972 708 1038 etiam
729 994 816 1038 nunc
835 972 917 1039 haec
938 973 1087 1040 voluntas
1109 976 1200 1060 regis
1224 981 1321 1057 esset,
1341 994 1371 1038 se

92 1072 177 1142 velle
198 1073 233 1139 in
260 1073 410 1141 omnibus
442 1074 640 1143 satisfacere.
683 1075 746 1141 His
768 1075 864 1142 dictis
896 1076 938 1143 ab
972 1079 1114 1145 invicem
1147 1076 1370 1162 discesserunt,

96 1199 178 1266 qnae
199 1177 308 1244 omnia
329 1178 400 1243 sine
420 1199 512 1245 mora
532 1178 575 1245 ad
602 1200 715 1267 regem
737 1179 844 1247 delata
872 1180 1010 1248 fuerunt.
1051 1181 1118 1249 Hic
1142 1185 1215 1272 jam
1245 1184 1371 1270 agnosci

92 1289 209 1370 potest,
233 1280 320 1370 quod
341 1280 469 1348 facilior
490 1305 641 1351 accessus
670 1284 713 1351 ad
735 1287 1020 1374 comportationem
1051 1287 1260 1355 amicabilem
1282 1309 1370 1376 appa·

91 1387 202 1470 ruerit,
225 1406 322 1474 quam
345 1394 451 1471 antea,
481 1388 667 1477 etquidem
690 1410 728 1455 ex
749 1412 907 1479 responso
929 1390 1142 1478 Pragensinm
1163 1391 1284 1458 leniori
1305 1390 1373 1457 dato

93 1490 135 1558 ab
156 1490 217 1574 his,
240 1511 337 1577 quam
358 1491 572 1580 aptioribus,
594 1515 713 1582 nempe
734 1518 755 1561 a
776 1493 902 1561 Passek
925 1516 999 1561 cum
1022 1497 1120 1563 sociis
1142 1497 1222 1581 suis,
1246 1517 1374 1579 quorum

93 1599 244 1689 pertinax
264 1617 457 1687 responsum
489 1595 559 1681 fuit,
583 1604 616 1662 et
644 1619 710 1664 non
741 1606 866 1663 tantum
898 1599 983 1687 parti
1014 1598 1174 1667 adversae
1206 1603 1377 1687 ingratum,

95 1726 208 1772 verum
229 1701 329 1768 multo
361 1703 466 1789 magis
489 1701 619 1767 domino
649 1724 707 1769 suo
736 1702 808 1788 regi
829 1703 1044 1790 inacceptum.
1088 1702 1244 1769 Attamen
1276 1702 1377 1769 adhuc

92 1809 154 1875 hoo
175 1828 365 1896 responsum
379 1806 595 1894 Pragensium
615 1805 650 1872 in
672 1805 812 1894 quodam
850 1829 968 1894 magno
989 1806 1075 1874 nodo
1096 1807 1211 1892 haesit,
1236 1807 1315 1873 dum
1335 1805 1378 1871 di·

92 1920 219 1996 xerunt,
242 1910 328 1999 quod
350 1911 421 1977 sine
443 1913 674 1978 communitate
695 1911 777 1977 nihil
800 1933 899 1998 agere
920 1913 1057 2000 possint,
1078 1912 1136 1979 ubi
1148 1921 1260 1978 tamen
1280 1911 1378 1977 ferme

94 2022 162 2082 tota
183 2015 397 2082 communitas
420 2037 494 2081 cum
517 2015 631 2084 solatio
653 2014 869 2100 desiderabat,
899 2025 935 2082 ut
950 2017 1022 2104 jam
1043 2016 1175 2083 tandem
1196 2018 1309 2082 omnia
1328 2038 1379 2103 pa·

95 2119 187 2186 cifice
209 2127 453 2206 componantur,
485 2140 551 2186 non
574 2119 740 2205 denegans
770 2121 856 2186 inter
877 2141 914 2184 se
937 2119 1211 2186 cohabitationem
1242 2120 1379 2187 exulum

96 2225 202 2295 Causa
223 2247 300 2290 vero
322 2225 419 2313 hujus
446 2225 481 2289 in
509 2223 594 2290 nodo
623 2224 786 2290 haesionis
817 2246 874 2290 seu
904 2224 1170 2291 contradictionis
1198 2223 1284 2291 haec
1315 2224 1379 2308 fuit,

96 2331 172 2418 quia
192 2329 299 2396 adhuc
320 2327 479 2416 quaedum
500 2327 618 2394 acredo
648 2329 766 2416 prioris
787 2326 893 2403 malae
914 2350 1012 2394 aurae
1041 2331 1127 2394 inter
1148 2326 1222 2394 illos
1244 2329 1380 2395 haesita·

96 2434 169 2512 bat3
192 2433 373 2522 hypocrisis
397 2434 482 2499 enim
504 2432 612 2500 adhuc
632 2432 742 2520 aliqua
774 2431 994 2499 occultabatur
1026 2433 1111 2498 inter
1133 2431 1293 2521 quasdam
1315 2455 1379 2522 per·

97 2561 203 2624 sonas,
226 2547 322 2629 prout
344 2537 460 2604 dehoc
474 2547 588 2626 postea
600 2538 736 2604 dicetur.
760 2536 843 2626 Spes
866 2545 975 2604 tamen
991 2538 1063 2626 jam
1083 2537 1154 2622 fruit,
1178 2537 1267 2626 quod
1283 2536 1380 2605 nodus

95 2644 152 2710 illc
173 2643 353 2710 auxiliante
374 2641 448 2708 Deo
470 2642 564 2710 brevi
585 2641 790 2709 dissolvetur.
828 2643 911 2709 Nam
935 2641 1097 2731 speranda
1113 2643 1186 2731 jam
1209 2644 1308 2709 citius
1328 2641 1381 2707 fuit

97 2749 188 2839 quies
211 2757 244 2815 et
264 2771 340 2835 pax,
363 2770 460 2837 quam
481 2747 564 2813 alias
585 2746 693 2831 buerit,
723 2769 797 2813 cum
820 2769 862 2814 ex
891 2755 984 2835 parte
1015 2748 1104 2833 regis
1131 2747 1206 2834 jam
1227 2746 1312 2813 nihil
1333 2746 1379 2811 de-

97 2854 204 2938 luerit,
227 2851 335 2918 dantis
357 2873 416 2941 per
446 2851 557 2918 literas
591 2874 665 2917 suas
687 2874 890 2936 consensum,
924 2859 960 2918 ut
991 2859 1137 2940 tempore
1164 2850 1379 2916 natalitiorum

98 2961 277 3026 faunorum
299 2956 512 3023 communitas
541 2964 746 3040 convocetur,
781 2966 813 3021 et
846 2957 1058 3045 comportatio
1087 2955 1273 3022 amicabilis
1295 2955 1379 3020 insti·

98 3074 206 3135 tuatur
226 3085 286 3153 per
307 3062 545 3131 commissarios
566 3070 663 3129 antea
683 3061 875 3128 nominatos.

628 3251 775 3320 CAPUT
796 3251 848 3320 25.

100 3453 138 3513 In
161 3472 220 3531 quo
241 3453 421 3526 insinuatur,
446 3454 526 3530 quod
546 3470 601 3511 rex
622 3450 808 3511 admonuerit
830 3449 997 3528 Pragenses
1011 3445 1133 3508 Veteris
1157 3455 1188 3506 et
1211 3447 1320 3508 Novae
1339 3464 1379 3504 ur-

99 3542 155 3615 bis,
178 3548 211 3600 ut
230 3536 503 3601 reconciliationem
525 3557 591 3598 cnm
625 3538 765 3597 exulibus
787 3537 896 3610 ineant,
919 3542 949 3595 et
970 3544 1097 3612 quatuor
1120 3535 1266 3613 personis
1289 3533 1381 3593 salvus

100 3628 262 3687 conductus
284 3628 378 3698 detun
412 3627 465 3703 qui
486 3626 552 3685 loco
574 3625 705 3685 omnium
727 3624 908 3702 reliquorum
941 3623 978 3680 de
1006 3641 1082 3700 pace
1103 3630 1206 3700 agant.
1252 3621 1383 3680 Tandem

100 3714 196 3792 qualis
218 3714 297 3775 visio
318 3714 349 3773 in
382 3714 511 3773 nubibus
541 3712 692 3788 signorum
721 3712 906 3788 quorundam
938 3708 1028 3769 luerit
1057 3711 1095 3769 ab
1127 3709 1300 3769 hominibus
1322 3726 1383 3766 con·

100 3809 212 3879 specta.
252 3802 331 3860 Item
363 3801 481 3877 quando
513 3799 616 3859 exules
646 3798 780 3876 Pragam
812 3805 966 3870 venerunt,
1000 3798 1082 3874 qnod
1114 3795 1182 3856 illos
1217 3795 1382 3854 sacerdotes

103 3886 435 3963 excommunicaverint,
469 3893 498 3945 et
520 3885 666 3964 quomodo
687 3886 719 3943 hi
741 3892 866 3960 quatuor
895 3883 1011 3943 salvum
1041 3885 1222 3945 conductum
1245 3883 1382 3941 habentos

521 3973 558 4032 de
579 3972 817 4032 reconciliatione
839 3970 963 4050 egerint.

183 4125 272 4191 Dum
294 4125 403 4211 itaque
425 4123 534 4188 omnia
555 4123 589 4186 in
612 4119 711 4187 dubio
733 4120 839 4186 adhuc
873 4121 1055 4204 haererent,
1077 4120 1267 4206 Pragcnses
1289 4127 1386 4186 orato·

99 4251 152 4294 res
178 4250 252 4294 euos
274 4227 317 4293 ad
337 4248 450 4312 regem
472 4226 629 4290 miserunt
657 4226 745 4290 circa
777 4232 905 4312 tempus
925 4224 1153 4290 Natalitiorum
1183 4224 1228 4290 ad
1262 4226 1385 4290 initium

97 4334 168 4419 jam
189 4335 267 4399 anni
290 4331 384 4414 1529,
406 4329 464 4396 ubi
484 4351 545 4396 rex
556 4331 649 4397 inter¹
663 4327 728 4393 alia
749 4328 968 4415 Pragensibus
982 4328 1113 4416 scripsit
1126 4328 1389 4401 admonitionem,

103 4444 139 4501 ut
161 4435 310 4503 exulibus
332 4430 826 4515 reconcilientur,amicabiliter,
856 4431 942 4519 quod
964 4430 1101 4519 perinde
1130 4431 1182 4499 illi
1204 4456 1277 4499 rem
1300 4430 1389 4499 valde

105 4549 270 4627 acceptam
292 4537 503 4605 exhibebunt.
540 4537 664 4602 Pariter
685 4536 808 4602 domini
831 4538 1044 4602 commissarii
1065 4537 1150 4623 regii
1172 4548 1274 4604 antea
1295 4535 1389 4604 nomi-

104 4642 173 4705 nati
191 4641 235 4708 ad
255 4640 338 4705 haec
359 4639 577 4707 admonebant
597 4640 789 4725 Pragenses,
810 4649 847 4706 ut
862 4639 1061 4728 adimpleant
1080 4640 1290 4710 voluntatem
1310 4642 1390 4729 regis

98 4739 223 4821 domini
243 4744 307 4831 sui
341 4739 490 4811 Tandem
511 4764 550 4811 eo
571 4742 713 4829 devenit,
735 4743 822 4831 quod
842 4744 1025 4833 Progenses
1037 4745 1207 4834 Aptiquae
1230 4757 1266 4817 ct
1285 4747 1393 4817 Novas
