<?xml version="1.0" encoding="UTF-8"?>
<!DOCTYPE html PUBLIC "-//W3C//DTD XHTML 1.0 Transitional//EN"
    "http://www.w3.org/TR/xhtml1/DTD/xhtml1-transitional.dtd">
<html xmlns="http://www.w3.org/1999/xhtml" xml:lang="en" lang="en">
 <head>
  <title>
</title>
<meta http-equiv="Content-Type" content="text/html;charset=utf-8" />
  <meta name='ocr-system' content='tesseract 3.04.00' />
  <meta name='ocr-capabilities' content='ocr_page ocr_carea ocr_par ocr_line ocrx_word'/>
</head>
<body>
  <div class='ocr_page' id='page_1' title='image "./desbartholomaeu00hfgoog_0187.png"; bbox 0 0 2946 5086; ppageno 0'>
   <div class='ocr_carea' id='block_1_1' title="bbox 143 161 208 229">
    <p class='ocr_par' dir='ltr' id='par_1_1' title="bbox 143 161 208 229">
     <span class='ocr_line' id='line_1_1' title="bbox 143 161 208 229; baseline 0 0"><span class='ocrx_word' id='word_1_1' title='bbox 143 161 208 229; x_wconf 72' lang='lat'>206</span> 
     </span>
    </p>
   </div>
   <div class='ocr_carea' id='block_1_2' title="bbox 127 316 1436 3137">
    <p class='ocr_par' dir='ltr' id='par_1_2' title="bbox 144 316 1434 1260">
     <span class='ocr_line' id='line_1_2' title="bbox 144 316 1434 422; baseline -0.002 -22"><span class='ocrx_word' id='word_1_2' title='bbox 144 336 232 422; x_wconf 80' lang='lat' dir='ltr'>rigis.</span> <span class='ocrx_word' id='word_1_3' title='bbox 267 334 348 414; x_wconf 77' lang='lat' dir='ltr'>Quis</span> <span class='ocrx_word' id='word_1_4' title='bbox 370 333 457 397; x_wconf 90' lang='lat' dir='ltr'>enim</span> <span class='ocrx_word' id='word_1_5' title='bbox 487 332 734 399; x_wconf 86' lang='lat' dir='ltr'>christianorum</span> <span class='ocrx_word' id='word_1_6' title='bbox 766 340 825 415; x_wconf 87' lang='lat' dir='ltr'>est,</span> <span class='ocrx_word' id='word_1_7' title='bbox 856 331 911 420; x_wconf 91' lang='lat' dir='ltr'>qui</span> <span class='ocrx_word' id='word_1_8' title='bbox 938 326 1004 399; x_wconf 83' lang='lat' dir='ltr'>¹hoo</span> <span class='ocrx_word' id='word_1_9' title='bbox 1036 320 1181 417; x_wconf 62' lang='lat' dir='ltr'>neg&#39;aret,</span> <span class='ocrx_word' id='word_1_10' title='bbox 1209 316 1310 420; x_wconf 80' lang='lat' dir='ltr'>prout</span> <span class='ocrx_word' id='word_1_11' title='bbox 1342 332 1434 397; x_wconf 84' lang='lat' dir='ltr'>etiam</span> 
     </span>
     <span class='ocr_line' id='line_1_3' title="bbox 145 434 1432 524; baseline 0.001 -22"><span class='ocrx_word' id='word_1_12' title='bbox 145 436 243 521; x_wconf 88' lang='lat' dir='ltr'>istud,</span> <span class='ocrx_word' id='word_1_13' title='bbox 266 436 354 524; x_wconf 91' lang='lat' dir='ltr'>quod</span> <span class='ocrx_word' id='word_1_14' title='bbox 377 435 527 517; x_wconf 75' lang='lat' dir='ltr'>Christus</span> <span class='ocrx_word' id='word_1_15' title='bbox 549 436 710 502; x_wconf 85' lang='lat' dir='ltr'><strong>Dominus</strong></span> <span class='ocrx_word' id='word_1_16' title='bbox 740 435 891 523; x_wconf 86' lang='lat' dir='ltr'>dignatus</span> <span class='ocrx_word' id='word_1_17' title='bbox 921 436 974 517; x_wconf 81' lang='lat' dir='ltr'>sit,</span> <span class='ocrx_word' id='word_1_18' title='bbox 1006 434 1101 502; x_wconf 87' lang='lat' dir='ltr'>nohis</span> <span class='ocrx_word' id='word_1_19' title='bbox 1124 435 1300 503; x_wconf 78' lang='lat' dir='ltr'>extradere</span> <span class='ocrx_word' id='word_1_20' title='bbox 1322 458 1432 524; x_wconf 88' lang='lat' dir='ltr'>corpus</span> 
     </span>
     <span class='ocr_line' id='line_1_4' title="bbox 146 538 1430 629; baseline 0 -22"><span class='ocrx_word' id='word_1_21' title='bbox 146 563 249 624; x_wconf 86' lang='lat' dir='ltr'>suum,</span> <span class='ocrx_word' id='word_1_22' title='bbox 280 539 367 628; x_wconf 91' lang='lat' dir='ltr'>quod</span> <span class='ocrx_word' id='word_1_23' title='bbox 388 562 447 628; x_wconf 89' lang='lat' dir='ltr'>pro</span> <span class='ocrx_word' id='word_1_24' title='bbox 469 538 572 606; x_wconf 82' lang='lat' dir='ltr'>nobis</span> <span class='ocrx_word' id='word_1_25' title='bbox 586 539 749 627; x_wconf 90' lang='lat' dir='ltr'>proditum</span> <span class='ocrx_word' id='word_1_26' title='bbox 770 541 842 624; x_wconf 84' lang='lat' dir='ltr'>fuit,</span> <span class='ocrx_word' id='word_1_27' title='bbox 872 547 906 607; x_wconf 91' lang='lat' dir='ltr'>et</span> <span class='ocrx_word' id='word_1_28' title='bbox 935 541 1127 627; x_wconf 80' lang='lat' dir='ltr'>sanguinem</span> <span class='ocrx_word' id='word_1_29' title='bbox 1160 548 1265 626; x_wconf 87' lang='lat' dir='ltr'>auum,</span> <span class='ocrx_word' id='word_1_30' title='bbox 1300 542 1357 628; x_wconf 89' lang='lat' dir='ltr'>qni</span> <span class='ocrx_word' id='word_1_31' title='bbox 1377 562 1430 629; x_wconf 93' lang='lat' dir='ltr'>pro</span> 
     </span>
     <span class='ocr_line' id='line_1_5' title="bbox 144 644 1429 734; baseline 0.001 -23"><span class='ocrx_word' id='word_1_32' title='bbox 144 644 239 711; x_wconf 88' lang='lat' dir='ltr'>nohis</span> <span class='ocrx_word' id='word_1_33' title='bbox 263 645 382 711; x_wconf 88' lang='lat' dir='ltr'>effusus</span> <span class='ocrx_word' id='word_1_34' title='bbox 404 645 473 711; x_wconf 85' lang='lat' dir='ltr'>fuit</span> <span class='ocrx_word' id='word_1_35' title='bbox 506 644 599 711; x_wconf 87' lang='lat' dir='ltr'>Haec</span> <span class='ocrx_word' id='word_1_36' title='bbox 621 668 698 713; x_wconf 86' lang='lat' dir='ltr'>vero</span> <span class='ocrx_word' id='word_1_37' title='bbox 720 668 786 712; x_wconf 92' lang='lat' dir='ltr'>non</span> <span class='ocrx_word' id='word_1_38' title='bbox 807 644 913 729; x_wconf 89' lang='lat' dir='ltr'>addis,</span> <span class='ocrx_word' id='word_1_39' title='bbox 947 644 1035 734; x_wconf 90' lang='lat' dir='ltr'>quod</span> <span class='ocrx_word' id='word_1_40' title='bbox 1067 646 1166 715; x_wconf 87' lang='lat' dir='ltr'>etiam</span> <span class='ocrx_word' id='word_1_41' title='bbox 1188 645 1318 726; x_wconf 84' lang='lat' dir='ltr'>credas,</span> <span class='ocrx_word' id='word_1_42' title='bbox 1351 644 1429 733; x_wconf 90' lang='lat' dir='ltr'>quod</span> 
     </span>
     <span class='ocr_line' id='line_1_6' title="bbox 145 749 1430 834; baseline -0.001 -18"><span class='ocrx_word' id='word_1_43' title='bbox 145 749 207 816; x_wconf 93' lang='lat' dir='ltr'>hoc</span> <span class='ocrx_word' id='word_1_44' title='bbox 228 749 365 816; x_wconf 85' lang='lat' dir='ltr'>verbum</span> <span class='ocrx_word' id='word_1_45' title='bbox 386 751 593 817; x_wconf 87' lang='lat' dir='ltr'>incarnatum</span> <span class='ocrx_word' id='word_1_46' title='bbox 615 757 647 816; x_wconf 91' lang='lat' dir='ltr'>et</span> <span class='ocrx_word' id='word_1_47' title='bbox 669 772 743 816; x_wconf 88' lang='lat' dir='ltr'>caro</span> <span class='ocrx_word' id='word_1_48' title='bbox 766 750 886 816; x_wconf 80' lang='lat' dir='ltr'>factum</span> <span class='ocrx_word' id='word_1_49' title='bbox 909 749 1092 815; x_wconf 87' lang='lat' dir='ltr'>ascenderit</span> <span class='ocrx_word' id='word_1_50' title='bbox 1112 750 1148 816; x_wconf 91' lang='lat' dir='ltr'>in</span> <span class='ocrx_word' id='word_1_51' title='bbox 1171 750 1292 834; x_wconf 85' lang='lat' dir='ltr'>coelos,</span> <span class='ocrx_word' id='word_1_52' title='bbox 1314 749 1430 816; x_wconf 87' lang='lat' dir='ltr'>sedeat·</span> 
     </span>
     <span class='ocr_line' id='line_1_7' title="bbox 146 854 1428 942; baseline 0.001 -22"><span class='ocrx_word' id='word_1_53' title='bbox 146 855 264 942; x_wconf 84' lang='lat' dir='ltr'>quoad</span> <span class='ocrx_word' id='word_1_54' title='bbox 285 855 453 921; x_wconf 84' lang='lat' dir='ltr'>dexteram</span> <span class='ocrx_word' id='word_1_55' title='bbox 466 855 533 921; x_wconf 94' lang='lat' dir='ltr'>Dei</span> <span class='ocrx_word' id='word_1_56' title='bbox 546 855 662 938; x_wconf 82' lang='lat' dir='ltr'>Patris,</span> <span class='ocrx_word' id='word_1_57' title='bbox 685 854 762 921; x_wconf 91' lang='lat' dir='ltr'>inde</span> <span class='ocrx_word' id='word_1_58' title='bbox 785 865 818 921; x_wconf 85' lang='lat' dir='ltr'>et</span> <span class='ocrx_word' id='word_1_59' title='bbox 838 877 903 921; x_wconf 93' lang='lat' dir='ltr'>non</span> <span class='ocrx_word' id='word_1_60' title='bbox 920 854 1050 921; x_wconf 77' lang='lat' dir='ltr'><strong>aliunde</strong></span> <span class='ocrx_word' id='word_1_61' title='bbox 1070 855 1185 923; x_wconf 80' lang='lat' dir='ltr'>venire</span> <span class='ocrx_word' id='word_1_62' title='bbox 1207 854 1337 937; x_wconf 79' lang='lat' dir='ltr'>debeat,</span> <span class='ocrx_word' id='word_1_63' title='bbox 1352 854 1428 937; x_wconf 84' lang='lat' dir='ltr'>judi·</span> 
     </span>
     <span class='ocr_line' id='line_1_8' title="bbox 147 958 1427 1048; baseline 0 -24"><span class='ocrx_word' id='word_1_64' title='bbox 147 980 221 1025; x_wconf 89' lang='lat' dir='ltr'>care</span> <span class='ocrx_word' id='word_1_65' title='bbox 243 961 336 1026; x_wconf 88' lang='lat' dir='ltr'>vivos</span> <span class='ocrx_word' id='word_1_66' title='bbox 359 968 391 1025; x_wconf 88' lang='lat' dir='ltr'>et</span> <span class='ocrx_word' id='word_1_67' title='bbox 412 967 565 1043; x_wconf 89' lang='lat' dir='ltr'>mortuos,</span> <span class='ocrx_word' id='word_1_68' title='bbox 601 958 659 1025; x_wconf 90' lang='lat' dir='ltr'>sed</span> <span class='ocrx_word' id='word_1_69' title='bbox 689 959 824 1027; x_wconf 90' lang='lat' dir='ltr'>adducis</span> <span class='ocrx_word' id='word_1_70' title='bbox 853 983 913 1048; x_wconf 90' lang='lat' dir='ltr'>pro</span> <span class='ocrx_word' id='word_1_71' title='bbox 945 967 1145 1048; x_wconf 86' lang='lat' dir='ltr'>argumento,</span> <span class='ocrx_word' id='word_1_72' title='bbox 1177 959 1266 1048; x_wconf 88' lang='lat' dir='ltr'>quod</span> <span class='ocrx_word' id='word_1_73' title='bbox 1298 958 1427 1025; x_wconf 87' lang='lat' dir='ltr'>infantes</span> 
     </span>
     <span class='ocr_line' id='line_1_9' title="bbox 145 1054 1427 1150; baseline 0.002 -23"><span class='ocrx_word' id='word_1_74' title='bbox 145 1064 222 1128; x_wconf 87' lang='lat' dir='ltr'>ituri</span> <span class='ocrx_word' id='word_1_75' title='bbox 244 1062 287 1127; x_wconf 85' lang='lat' dir='ltr'>ad</span> <span class='ocrx_word' id='word_1_76' title='bbox 309 1064 525 1150; x_wconf 82' lang='lat' dir='ltr'><strong>sumptionem</strong></span> <span class='ocrx_word' id='word_1_77' title='bbox 548 1066 742 1129; x_wconf 77' lang='lat' dir='ltr'>sacramenti</span> <span class='ocrx_word' id='word_1_78' title='bbox 764 1063 978 1130; x_wconf 78' lang='lat' dir='ltr'>eucharistiae</span> <span class='ocrx_word' id='word_1_79' title='bbox 1007 1054 1054 1130; x_wconf 89' lang='lat' dir='ltr'>ita</span> <span class='ocrx_word' id='word_1_80' title='bbox 1075 1063 1184 1132; x_wconf 78' lang='lat' dir='ltr'>dicere</span> <span class='ocrx_word' id='word_1_81' title='bbox 1208 1063 1349 1131; x_wconf 86' lang='lat' dir='ltr'>soleant:</span> <span class='ocrx_word' id='word_1_82' title='bbox 1376 1062 1427 1130; x_wconf 90' lang='lat' dir='ltr'>Ibo</span> 
     </span>
     <span class='ocr_line' id='line_1_10' title="bbox 145 1165 1025 1260; baseline 0.005 -29"><span class='ocrx_word' id='word_1_83' title='bbox 145 1165 188 1231; x_wconf 91' lang='lat' dir='ltr'>ad</span> <span class='ocrx_word' id='word_1_84' title='bbox 209 1166 384 1233; x_wconf 90' lang='lat' dir='ltr'>Dominum</span> <span class='ocrx_word' id='word_1_85' title='bbox 406 1167 514 1233; x_wconf 90' lang='lat' dir='ltr'>Deum</span> <span class='ocrx_word' id='word_1_86' title='bbox 536 1176 595 1233; x_wconf 90' lang='lat' dir='ltr'>etc.</span> <span class='ocrx_word' id='word_1_87' title='bbox 963 1254 966 1260; x_wconf 92' lang='lat'>.</span> <span class='ocrx_word' id='word_1_88' title='bbox 1022 1248 1025 1253; x_wconf 21' lang='grc' dir='ltr'>Ι</span> 
     </span>
    </p>

    <p class='ocr_par' dir='ltr' id='par_1_3' title="bbox 127 1270 1436 3137">
     <span class='ocr_line' id='line_1_11' title="bbox 230 1270 1428 1340; baseline 0.002 -5"><span class='ocrx_word' id='word_1_89' title='bbox 230 1270 313 1336; x_wconf 84' lang='lat' dir='ltr'>Item&#39;</span> <span class='ocrx_word' id='word_1_90' title='bbox 337 1272 434 1336; x_wconf 90' lang='lat' dir='ltr'>etiam</span> <span class='ocrx_word' id='word_1_91' title='bbox 456 1272 491 1336; x_wconf 90' lang='lat' dir='ltr'>in</span> <span class='ocrx_word' id='word_1_92' title='bbox 513 1293 614 1337; x_wconf 89' lang='lat' dir='ltr'>coena</span> <span class='ocrx_word' id='word_1_93' title='bbox 648 1295 706 1338; x_wconf 92' lang='lat' dir='ltr'>sua</span> <span class='ocrx_word' id='word_1_94' title='bbox 728 1272 876 1340; x_wconf 84' lang='lat' dir='ltr'>Ohristus</span> <span class='ocrx_word' id='word_1_95' title='bbox 898 1274 1058 1340; x_wconf 85' lang='lat' dir='ltr'>Dominus</span> <span class='ocrx_word' id='word_1_96' title='bbox 1091 1271 1190 1339; x_wconf 87' lang='lat' dir='ltr'>nullia</span> <span class='ocrx_word' id='word_1_97' title='bbox 1220 1271 1295 1339; x_wconf 82' lang='lat' dir='ltr'>ahie</span> <span class='ocrx_word' id='word_1_98' title='bbox 1328 1270 1428 1340; x_wconf 83' lang='lat' dir='ltr'>verbis</span> 
     </span>
     <span class='ocr_line' id='line_1_12' title="bbox 145 1373 1428 1465; baseline 0 -27"><span class='ocrx_word' id='word_1_99' title='bbox 145 1396 222 1439; x_wconf 87' lang='lat' dir='ltr'>usus</span> <span class='ocrx_word' id='word_1_100' title='bbox 244 1373 316 1457; x_wconf 88' lang='lat' dir='ltr'>fuit,</span> <span class='ocrx_word' id='word_1_101' title='bbox 339 1375 485 1461; x_wconf 88' lang='lat' dir='ltr'>exceptis</span> <span class='ocrx_word' id='word_1_102' title='bbox 507 1373 568 1459; x_wconf 90' lang='lat' dir='ltr'>his,</span> <span class='ocrx_word' id='word_1_103' title='bbox 593 1397 675 1464; x_wconf 90' lang='lat' dir='ltr'>quae</span> <span class='ocrx_word' id='word_1_104' title='bbox 698 1385 774 1442; x_wconf 87' lang='lat' dir='ltr'>sunt</span> <span class='ocrx_word' id='word_1_105' title='bbox 794 1378 829 1443; x_wconf 91' lang='lat' dir='ltr'>in</span> <span class='ocrx_word' id='word_1_106' title='bbox 849 1377 925 1465; x_wconf 86' lang='lat' dir='ltr'>lege</span> <span class='ocrx_word' id='word_1_107' title='bbox 946 1376 1012 1442; x_wconf 92' lang='lat' dir='ltr'>Dei</span> <span class='ocrx_word' id='word_1_108' title='bbox 1033 1377 1201 1465; x_wconf 86' lang='lat' dir='ltr'>inscripta,</span> <span class='ocrx_word' id='word_1_109' title='bbox 1223 1398 1288 1441; x_wconf 90' lang='lat' dir='ltr'>nec</span> <span class='ocrx_word' id='word_1_110' title='bbox 1309 1384 1428 1442; x_wconf 78' lang='lat' dir='ltr'>sanctu</span> 
     </span>
     <span class='ocr_line' id='line_1_13' title="bbox 145 1477 1427 1565; baseline 0.002 -22"><span class='ocrx_word' id='word_1_111' title='bbox 145 1477 265 1543; x_wconf 88' lang='lat' dir='ltr'>Paulus</span> <span class='ocrx_word' id='word_1_112' title='bbox 299 1477 462 1565; x_wconf 87' lang='lat' dir='ltr'>apostolus</span> <span class='ocrx_word' id='word_1_113' title='bbox 484 1478 614 1545; x_wconf 86' lang='lat' dir='ltr'>rediens</span> <span class='ocrx_word' id='word_1_114' title='bbox 636 1479 677 1545; x_wconf 91' lang='lat' dir='ltr'>de</span> <span class='ocrx_word' id='word_1_115' title='bbox 700 1480 791 1547; x_wconf 91' lang='lat' dir='ltr'>coelo</span> <span class='ocrx_word' id='word_1_116' title='bbox 812 1482 907 1547; x_wconf 89' lang='lat' dir='ltr'>tertio</span> <span class='ocrx_word' id='word_1_117' title='bbox 923 1504 996 1547; x_wconf 89' lang='lat' dir='ltr'>cum</span> <span class='ocrx_word' id='word_1_118' title='bbox 1017 1482 1141 1565; x_wconf 93' lang='lat' dir='ltr'>nuntio,</span> <span class='ocrx_word' id='word_1_119' title='bbox 1164 1489 1274 1547; x_wconf 87' lang='lat' dir='ltr'>autre</span> <span class='ocrx_word' id='word_1_120' title='bbox 1297 1481 1329 1547; x_wconf 89' lang='lat' dir='ltr'>ei</span> <span class='ocrx_word' id='word_1_121' title='bbox 1350 1502 1427 1547; x_wconf 86' lang='lat' dir='ltr'>eom·</span> 
     </span>
     <span class='ocr_line' id='line_1_14' title="bbox 127 1580 1430 1674; baseline 0.005 -29"><span class='ocrx_word' id='word_1_122' title='bbox 127 1584 254 1665; x_wconf 85' lang='lat' dir='ltr'>missa,</span> <span class='ocrx_word' id='word_1_123' title='bbox 279 1604 361 1668; x_wconf 90' lang='lat' dir='ltr'>quae</span> <span class='ocrx_word' id='word_1_124' title='bbox 384 1580 426 1646; x_wconf 90' lang='lat' dir='ltr'>ad</span> <span class='ocrx_word' id='word_1_125' title='bbox 442 1580 627 1649; x_wconf 73' lang='lat' dir='ltr'>Corinthios</span> <span class='ocrx_word' id='word_1_126' title='bbox 649 1593 802 1674; x_wconf 81' lang='lat' dir='ltr'>testatur3</span> <span class='ocrx_word' id='word_1_127' title='bbox 826 1585 884 1651; x_wconf 87' lang='lat' dir='ltr'>sed</span> <span class='ocrx_word' id='word_1_128' title='bbox 899 1584 995 1653; x_wconf 90' lang='lat' dir='ltr'>ambo</span> <span class='ocrx_word' id='word_1_129' title='bbox 1010 1585 1092 1651; x_wconf 87' lang='lat' dir='ltr'>haec</span> <span class='ocrx_word' id='word_1_130' title='bbox 1106 1585 1295 1670; x_wconf 78' lang='lat' dir='ltr'>omiserrmt,</span> <span class='ocrx_word' id='word_1_131' title='bbox 1317 1584 1430 1651; x_wconf 86' lang='lat' dir='ltr'>nullan</span> 
     </span>
     <span class='ocr_line' id='line_1_15' title="bbox 145 1674 1431 1773; baseline 0.003 -23"><span class='ocrx_word' id='word_1_132' title='bbox 145 1687 344 1752; x_wconf 86' lang='lat' dir='ltr'>mentionem</span> <span class='ocrx_word' id='word_1_133' title='bbox 367 1674 481 1751; x_wconf 75' lang='lat' dir='ltr'>dehis</span> <span class='ocrx_word' id='word_1_134' title='bbox 502 1686 669 1773; x_wconf 82' lang='lat' dir='ltr'>iacientes,</span> <span class='ocrx_word' id='word_1_135' title='bbox 705 1690 789 1756; x_wconf 90' lang='lat' dir='ltr'>sicut</span> <span class='ocrx_word' id='word_1_136' title='bbox 809 1700 844 1756; x_wconf 93' lang='lat' dir='ltr'>tu</span> <span class='ocrx_word' id='word_1_137' title='bbox 866 1689 975 1757; x_wconf 85' lang='lat' dir='ltr'>audax</span> <span class='ocrx_word' id='word_1_138' title='bbox 996 1699 1030 1756; x_wconf 91' lang='lat' dir='ltr'>et</span> <span class='ocrx_word' id='word_1_139' title='bbox 1051 1712 1163 1756; x_wconf 86' lang='lat' dir='ltr'>errans</span> <span class='ocrx_word' id='word_1_140' title='bbox 1186 1690 1352 1773; x_wconf 81' lang='lat' dir='ltr'>sacerdes,</span> <span class='ocrx_word' id='word_1_141' title='bbox 1383 1711 1431 1757; x_wconf 83' lang='lat' dir='ltr'>vo·</span> 
     </span>
     <span class='ocr_line' id='line_1_16' title="bbox 146 1788 1432 1889; baseline 0.003 -33"><span class='ocrx_word' id='word_1_142' title='bbox 146 1790 217 1856; x_wconf 89' lang='lat' dir='ltr'>lens</span> <span class='ocrx_word' id='word_1_143' title='bbox 239 1811 437 1889; x_wconf 69' lang='lat' dir='ltr'>assererare,</span> <span class='ocrx_word' id='word_1_144' title='bbox 469 1791 555 1878; x_wconf 90' lang='lat' dir='ltr'>quod</span> <span class='ocrx_word' id='word_1_145' title='bbox 588 1814 704 1881; x_wconf 91' lang='lat' dir='ltr'>corpus</span> <span class='ocrx_word' id='word_1_146' title='bbox 742 1816 834 1860; x_wconf 88' lang='lat' dir='ltr'>suum</span> <span class='ocrx_word' id='word_1_147' title='bbox 868 1817 941 1860; x_wconf 93' lang='lat' dir='ltr'>cum</span> <span class='ocrx_word' id='word_1_148' title='bbox 974 1795 1063 1861; x_wconf 82' lang='lat' dir='ltr'>omni</span> <span class='ocrx_word' id='word_1_149' title='bbox 1089 1795 1230 1863; x_wconf 88' lang='lat' dir='ltr'>naturali</span> <span class='ocrx_word' id='word_1_150' title='bbox 1259 1788 1432 1862; x_wconf 83' lang='lat' dir='ltr'>substantia</span> 
     </span>
     <span class='ocr_line' id='line_1_17' title="bbox 147 1893 1432 1987; baseline 0.002 -26"><span class='ocrx_word' id='word_1_151' title='bbox 147 1893 369 1978; x_wconf 87' lang='lat' dir='ltr'>extradiderit,</span> <span class='ocrx_word' id='word_1_152' title='bbox 403 1895 444 1960; x_wconf 90' lang='lat' dir='ltr'>de</span> <span class='ocrx_word' id='word_1_153' title='bbox 467 1918 530 1983; x_wconf 90' lang='lat' dir='ltr'>quo</span> <span class='ocrx_word' id='word_1_154' title='bbox 552 1896 680 1985; x_wconf 87' lang='lat' dir='ltr'>pridem</span> <span class='ocrx_word' id='word_1_155' title='bbox 697 1896 777 1982; x_wconf 88' lang='lat' dir='ltr'>jam,</span> <span class='ocrx_word' id='word_1_156' title='bbox 811 1898 897 1987; x_wconf 89' lang='lat' dir='ltr'>quod</span> <span class='ocrx_word' id='word_1_157' title='bbox 919 1899 960 1965; x_wconf 92' lang='lat' dir='ltr'>ah</span> <span class='ocrx_word' id='word_1_158' title='bbox 983 1900 1031 1966; x_wconf 88' lang='lat' dir='ltr'>eis</span> <span class='ocrx_word' id='word_1_159' title='bbox 1063 1899 1154 1966; x_wconf 87' lang='lat' dir='ltr'>abire</span> <span class='ocrx_word' id='word_1_160' title='bbox 1189 1909 1221 1967; x_wconf 88' lang='lat' dir='ltr'>et</span> <span class='ocrx_word' id='word_1_161' title='bbox 1253 1901 1289 1967; x_wconf 92' lang='lat' dir='ltr'>in</span> <span class='ocrx_word' id='word_1_162' title='bbox 1316 1899 1432 1966; x_wconf 90' lang='lat' dir='ltr'>coelum</span> 
     </span>
     <span class='ocr_line' id='line_1_18' title="bbox 146 1998 1436 2094; baseline 0.004 -30"><span class='ocrx_word' id='word_1_163' title='bbox 146 1999 334 2081; x_wconf 43' lang='lat' dir='ltr'>ascendere,</span> <span class='ocrx_word' id='word_1_164' title='bbox 346 1998 474 2084; x_wconf 90' lang='lat' dir='ltr'>debeat,</span> <span class='ocrx_word' id='word_1_165' title='bbox 508 2002 724 2089; x_wconf 85' lang='lat' dir='ltr'>praedixerat.</span> <span class='ocrx_word' id='word_1_166' title='bbox 768 2002 842 2070; x_wconf 93' lang='lat' dir='ltr'>Hoc</span> <span class='ocrx_word' id='word_1_167' title='bbox 864 2005 962 2071; x_wconf 89' lang='lat' dir='ltr'>etiam</span> <span class='ocrx_word' id='word_1_168' title='bbox 989 2006 1084 2072; x_wconf 89' lang='lat' dir='ltr'>nobis</span> <span class='ocrx_word' id='word_1_169' title='bbox 1108 2006 1289 2094; x_wconf 87' lang='lat' dir='ltr'>scripturae</span> <span class='ocrx_word' id='word_1_170' title='bbox 1319 2002 1436 2071; x_wconf 83' lang='lat' dir='ltr'>multae.</span> 
     </span>
     <span class='ocr_line' id='line_1_19' title="bbox 146 2105 1432 2199; baseline 0 -25"><span class='ocrx_word' id='word_1_171' title='bbox 146 2116 313 2190; x_wconf 87' lang='lat' dir='ltr'>testantur,</span> <span class='ocrx_word' id='word_1_172' title='bbox 337 2105 423 2195; x_wconf 89' lang='lat' dir='ltr'>quod</span> <span class='ocrx_word' id='word_1_173' title='bbox 445 2111 576 2175; x_wconf 91' lang='lat' dir='ltr'>omnino</span> <span class='ocrx_word' id='word_1_174' title='bbox 598 2113 644 2176; x_wconf 87' lang='lat' dir='ltr'>ita</span> <span class='ocrx_word' id='word_1_175' title='bbox 664 2110 785 2177; x_wconf 87' lang='lat' dir='ltr'>factum</span> <span class='ocrx_word' id='word_1_176' title='bbox 806 2111 913 2196; x_wconf 86' lang='lat' dir='ltr'>fuerit,</span> <span class='ocrx_word' id='word_1_177' title='bbox 946 2109 1160 2199; x_wconf 86' lang='lat' dir='ltr'>relinquendo</span> <span class='ocrx_word' id='word_1_178' title='bbox 1190 2109 1287 2177; x_wconf 91' lang='lat' dir='ltr'>nobis</span> <span class='ocrx_word' id='word_1_179' title='bbox 1318 2110 1354 2176; x_wconf 89' lang='lat' dir='ltr'>in</span> <span class='ocrx_word' id='word_1_180' title='bbox 1375 2109 1432 2175; x_wconf 94' lang='lat' dir='ltr'>hoc</span> 
     </span>
     <span class='ocr_line' id='line_1_20' title="bbox 147 2212 1429 2304; baseline 0.002 -27"><span class='ocrx_word' id='word_1_181' title='bbox 147 2212 267 2279; x_wconf 91' lang='lat' dir='ltr'>mundo</span> <span class='ocrx_word' id='word_1_182' title='bbox 291 2221 528 2278; x_wconf 90' lang='lat' dir='ltr'>sacramentum</span> <span class='ocrx_word' id='word_1_183' title='bbox 562 2216 706 2304; x_wconf 87' lang='lat' dir='ltr'>corporis</span> <span class='ocrx_word' id='word_1_184' title='bbox 737 2224 769 2283; x_wconf 92' lang='lat' dir='ltr'>et</span> <span class='ocrx_word' id='word_1_185' title='bbox 798 2217 965 2304; x_wconf 84' lang='lat' dir='ltr'>sanguinis</span> <span class='ocrx_word' id='word_1_186' title='bbox 1000 2218 1050 2282; x_wconf 90' lang='lat' dir='ltr'>sui</span> <span class='ocrx_word' id='word_1_187' title='bbox 1082 2217 1117 2281; x_wconf 92' lang='lat' dir='ltr'>in</span> <span class='ocrx_word' id='word_1_188' title='bbox 1132 2290 1135 2299; x_wconf 37' lang='grc' dir='ltr'>Ι</span> <span class='ocrx_word' id='word_1_189' title='bbox 1151 2215 1345 2281; x_wconf 86' lang='lat' dir='ltr'>memoriam</span> <span class='ocrx_word' id='word_1_190' title='bbox 1377 2213 1429 2283; x_wconf 91' lang='lat' dir='ltr'>suh</span> 
     </span>
     <span class='ocr_line' id='line_1_21' title="bbox 148 2317 1430 2411; baseline 0.001 -29"><span class='ocrx_word' id='word_1_191' title='bbox 148 2317 255 2404; x_wconf 86' lang='lat' dir='ltr'>specie</span> <span class='ocrx_word' id='word_1_192' title='bbox 276 2317 370 2404; x_wconf 86' lang='lat' dir='ltr'>panis</span> <span class='ocrx_word' id='word_1_193' title='bbox 393 2325 430 2411; x_wconf 27' lang='lat' dir='ltr'>¹et·</span> <span class='ocrx_word' id='word_1_194' title='bbox 445 2317 532 2402; x_wconf 77' lang='lat' dir='ltr'>vini3</span> <span class='ocrx_word' id='word_1_195' title='bbox 556 2318 618 2384; x_wconf 93' lang='lat' dir='ltr'>hoc</span> <span class='ocrx_word' id='word_1_196' title='bbox 639 2341 717 2385; x_wconf 88' lang='lat' dir='ltr'>vere</span> <span class='ocrx_word' id='word_1_197' title='bbox 739 2321 801 2386; x_wconf 89' lang='lat' dir='ltr'>hae</span> <span class='ocrx_word' id='word_1_198' title='bbox 823 2322 1002 2408; x_wconf 84' lang='lat' dir='ltr'>scripturae</span> <span class='ocrx_word' id='word_1_199' title='bbox 1036 2342 1101 2386; x_wconf 90' lang='lat' dir='ltr'>non</span> <span class='ocrx_word' id='word_1_200' title='bbox 1135 2318 1369 2404; x_wconf 88' lang='lat' dir='ltr'>demonstrant,</span> <span class='ocrx_word' id='word_1_201' title='bbox 1399 2326 1430 2383; x_wconf 89' lang='lat' dir='ltr'>ut</span> 
     </span>
     <span class='ocr_line' id='line_1_22' title="bbox 148 2419 1428 2513; baseline 0.002 -27"><span class='ocrx_word' id='word_1_202' title='bbox 148 2421 330 2497; x_wconf 86' lang='lat' dir='ltr'>antediem</span> <span class='ocrx_word' id='word_1_203' title='bbox 347 2419 467 2508; x_wconf 90' lang='lat' dir='ltr'>judicii</span> <span class='ocrx_word' id='word_1_204' title='bbox 488 2423 595 2489; x_wconf 88' lang='lat' dir='ltr'>redire</span> <span class='ocrx_word' id='word_1_205' title='bbox 616 2424 759 2508; x_wconf 89' lang='lat' dir='ltr'>deberet,</span> <span class='ocrx_word' id='word_1_206' title='bbox 784 2424 842 2491; x_wconf 86' lang='lat' dir='ltr'>aed</span> <span class='ocrx_word' id='word_1_207' title='bbox 865 2424 952 2513; x_wconf 90' lang='lat' dir='ltr'>quod</span> <span class='ocrx_word' id='word_1_208' title='bbox 976 2424 1089 2491; x_wconf 89' lang='lat' dir='ltr'>sedeat</span> <span class='ocrx_word' id='word_1_209' title='bbox 1111 2423 1155 2491; x_wconf 86' lang='lat' dir='ltr'>ad</span> <span class='ocrx_word' id='word_1_210' title='bbox 1177 2423 1352 2491; x_wconf 86' lang='lat' dir='ltr'>dexteram</span> <span class='ocrx_word' id='word_1_211' title='bbox 1371 2423 1428 2491; x_wconf 90' lang='lat' dir='ltr'>Dei</span> 
     </span>
     <span class='ocr_line' id='line_1_23' title="bbox 148 2525 1427 2619; baseline 0.003 -28"><span class='ocrx_word' id='word_1_212' title='bbox 148 2547 264 2613; x_wconf 91' lang='lat' dir='ltr'>eorpus</span> <span class='ocrx_word' id='word_1_213' title='bbox 286 2525 356 2613; x_wconf 89' lang='lat' dir='ltr'>ejus</span> <span class='ocrx_word' id='word_1_214' title='bbox 378 2547 454 2591; x_wconf 90' lang='lat' dir='ltr'>cum</span> <span class='ocrx_word' id='word_1_215' title='bbox 475 2529 603 2614; x_wconf 82' lang='lat' dir='ltr'>integra</span> <span class='ocrx_word' id='word_1_216' title='bbox 632 2527 812 2594; x_wconf 84' lang='lat' dir='ltr'>substantia</span> <span class='ocrx_word' id='word_1_217' title='bbox 828 2529 899 2617; x_wconf 89' lang='lat' dir='ltr'>jam</span> <span class='ocrx_word' id='word_1_218' title='bbox 921 2528 1061 2616; x_wconf 85' lang='lat' dir='ltr'>gloriosa</span> <span class='ocrx_word' id='word_1_219' title='bbox 1081 2537 1240 2619; x_wconf 87' lang='lat' dir='ltr'>perpetuo</span> <span class='ocrx_word' id='word_1_220' title='bbox 1262 2553 1339 2597; x_wconf 90' lang='lat' dir='ltr'>eum</span> <span class='ocrx_word' id='word_1_221' title='bbox 1358 2528 1427 2595; x_wconf 89' lang='lat' dir='ltr'>Dei·</span> 
     </span>
     <span class='ocr_line' id='line_1_24' title="bbox 147 2631 1425 2721; baseline 0.001 -21"><span class='ocrx_word' id='word_1_222' title='bbox 147 2642 212 2700; x_wconf 86' lang='lat' dir='ltr'>tate</span> <span class='ocrx_word' id='word_1_223' title='bbox 233 2633 334 2716; x_wconf 89' lang='lat' dir='ltr'>unita,</span> <span class='ocrx_word' id='word_1_224' title='bbox 355 2640 387 2699; x_wconf 91' lang='lat' dir='ltr'>et</span> <span class='ocrx_word' id='word_1_225' title='bbox 408 2633 455 2696; x_wconf 88' lang='lat' dir='ltr'>ita</span> <span class='ocrx_word' id='word_1_226' title='bbox 475 2631 679 2719; x_wconf 86' lang='lat' dir='ltr'>permanehit</span> <span class='ocrx_word' id='word_1_227' title='bbox 701 2633 772 2698; x_wconf 89' lang='lat' dir='ltr'>sine</span> <span class='ocrx_word' id='word_1_228' title='bbox 805 2632 964 2698; x_wconf 86' lang='lat' dir='ltr'>divisione</span> <span class='ocrx_word' id='word_1_229' title='bbox 995 2640 1028 2698; x_wconf 89' lang='lat' dir='ltr'>et</span> <span class='ocrx_word' id='word_1_230' title='bbox 1048 2634 1254 2721; x_wconf 87' lang='lat' dir='ltr'>separatione</span> <span class='ocrx_word' id='word_1_231' title='bbox 1275 2635 1313 2701; x_wconf 92' lang='lat' dir='ltr'>in</span> <span class='ocrx_word' id='word_1_232' title='bbox 1335 2642 1425 2701; x_wconf 88' lang='lat' dir='ltr'>aeter·</span> 
     </span>
     <span class='ocr_line' id='line_1_25' title="bbox 147 2728 1423 2833; baseline -0.001 -30"><span class='ocrx_word' id='word_1_233' title='bbox 147 2760 234 2830; x_wconf 80' lang='lat' dir='ltr'>num.</span> <span class='ocrx_word' id='word_1_234' title='bbox 262 2735 407 2802; x_wconf 86' lang='lat' dir='ltr'>Ulterius</span> <span class='ocrx_word' id='word_1_235' title='bbox 429 2752 557 2801; x_wconf 85' lang='lat' dir='ltr'>rursum</span> <span class='ocrx_word' id='word_1_236' title='bbox 579 2737 764 2824; x_wconf 89' lang='lat' dir='ltr'>exemplum</span> <span class='ocrx_word' id='word_1_237' title='bbox 787 2738 887 2803; x_wconf 88' lang='lat' dir='ltr'>sumis</span> <span class='ocrx_word' id='word_1_238' title='bbox 909 2728 1161 2822; x_wconf 85' lang='lat' dir='ltr'>ahAbrahamo,</span> <span class='ocrx_word' id='word_1_239' title='bbox 1183 2738 1274 2825; x_wconf 90' lang='lat' dir='ltr'>quod</span> <span class='ocrx_word' id='word_1_240' title='bbox 1296 2741 1328 2807; x_wconf 90' lang='lat' dir='ltr'>ei</span> <span class='ocrx_word' id='word_1_241' title='bbox 1342 2739 1423 2833; x_wconf 77' lang='lat' dir='ltr'>Deus</span> 
     </span>
     <span class='ocr_line' id='line_1_26' title="bbox 149 2834 1426 2929; baseline -0.002 -21"><span class='ocrx_word' id='word_1_242' title='bbox 149 2858 297 2908; x_wconf 86' lang='lat' dir='ltr'>sermone</span> <span class='ocrx_word' id='word_1_243' title='bbox 317 2839 456 2905; x_wconf 86' lang='lat' dir='ltr'>adverso</span> <span class='ocrx_word' id='word_1_244' title='bbox 478 2840 603 2906; x_wconf 89' lang='lat' dir='ltr'>locutus</span> <span class='ocrx_word' id='word_1_245' title='bbox 624 2840 730 2918; x_wconf 87' lang='lat' dir='ltr'>fuerit,</span> <span class='ocrx_word' id='word_1_246' title='bbox 765 2834 915 2929; x_wconf 85' lang='lat' dir='ltr'>quodque</span> <span class='ocrx_word' id='word_1_247' title='bbox 948 2841 1063 2915; x_wconf 63' lang='lat' dir='ltr'>eidem,</span> <span class='ocrx_word' id='word_1_248' title='bbox 1078 2844 1219 2908; x_wconf 90' lang='lat' dir='ltr'>sermoni</span> <span class='ocrx_word' id='word_1_249' title='bbox 1252 2842 1426 2913; x_wconf 86' lang='lat' dir='ltr'>crediderit</span> 
     </span>
     <span class='ocr_line' id='line_1_27' title="bbox 148 2944 1425 3035; baseline -0.002 -24"><span class='ocrx_word' id='word_1_250' title='bbox 148 2947 230 3012; x_wconf 87' lang='lat' dir='ltr'>Item</span> <span class='ocrx_word' id='word_1_251' title='bbox 254 2946 295 3011; x_wconf 92' lang='lat' dir='ltr'>de</span> <span class='ocrx_word' id='word_1_252' title='bbox 319 2945 456 3031; x_wconf 82' lang='lat' dir='ltr'>Virgine</span> <span class='ocrx_word' id='word_1_253' title='bbox 478 2945 591 3027; x_wconf 86' lang='lat' dir='ltr'>Maria,</span> <span class='ocrx_word' id='word_1_254' title='bbox 623 2944 709 3032; x_wconf 91' lang='lat' dir='ltr'>quod</span> <span class='ocrx_word' id='word_1_255' title='bbox 731 2946 863 3032; x_wconf 88' lang='lat' dir='ltr'>pariens</span> <span class='ocrx_word' id='word_1_256' title='bbox 883 2947 976 3033; x_wconf 84' lang='lat' dir='ltr'>virgo</span> <span class='ocrx_word' id='word_1_257' title='bbox 1008 2947 1233 3035; x_wconf 86' lang='lat' dir='ltr'>permanserit.</span> <span class='ocrx_word' id='word_1_258' title='bbox 1276 2946 1360 3030; x_wconf 80' lang='lat' dir='ltr'>Quis</span> <span class='ocrx_word' id='word_1_259' title='bbox 1380 2944 1425 3011; x_wconf 86' lang='lat' dir='ltr'>de·</span> 
     </span>
     <span class='ocr_line' id='line_1_28' title="bbox 148 3047 1426 3137; baseline 0.002 -22"><span class='ocrx_word' id='word_1_260' title='bbox 148 3073 235 3115; x_wconf 89' lang='lat' dir='ltr'>mum</span> <span class='ocrx_word' id='word_1_261' title='bbox 268 3050 351 3115; x_wconf 90' lang='lat' dir='ltr'>haec</span> <span class='ocrx_word' id='word_1_262' title='bbox 383 3048 545 3135; x_wconf 82' lang='lat' dir='ltr'>negabit?</span> <span class='ocrx_word' id='word_1_263' title='bbox 577 3058 613 3114; x_wconf 92' lang='lat' dir='ltr'>ut</span> <span class='ocrx_word' id='word_1_264' title='bbox 642 3047 728 3137; x_wconf 92' lang='lat' dir='ltr'>quod</span> <span class='ocrx_word' id='word_1_265' title='bbox 761 3048 818 3116; x_wconf 83' lang='lat' dir='ltr'>lex</span> <span class='ocrx_word' id='word_1_266' title='bbox 838 3049 904 3116; x_wconf 90' lang='lat' dir='ltr'>Dei</span> <span class='ocrx_word' id='word_1_267' title='bbox 945 3059 977 3117; x_wconf 92' lang='lat' dir='ltr'>et</span> <span class='ocrx_word' id='word_1_268' title='bbox 1005 3058 1236 3117; x_wconf 85' lang='lat' dir='ltr'>testamentum</span> <span class='ocrx_word' id='word_1_269' title='bbox 1261 3057 1426 3124; x_wconf 85' lang='lat' dir='ltr'>asseverat,</span> 
     </span>
    </p>
   </div>
   <div class='ocr_carea' id='block_1_3' title="bbox 129 3136 1428 3662">
    <p class='ocr_par' dir='ltr' id='par_1_4' title="bbox 129 3136 1428 3662">
     <span class='ocr_line' id='line_1_29' title="bbox 129 3136 1427 3245; baseline -0.005 -24"><span class='ocrx_word' id='word_1_270' title='bbox 129 3154 230 3243; x_wconf 20' lang='lat' dir='ltr'>&#39;haec</span> <span class='ocrx_word' id='word_1_271' title='bbox 250 3155 296 3220; x_wconf 91' lang='lat' dir='ltr'>ita</span> <span class='ocrx_word' id='word_1_272' title='bbox 316 3153 401 3219; x_wconf 86' lang='lat' dir='ltr'>facta</span> <span class='ocrx_word' id='word_1_273' title='bbox 422 3176 488 3220; x_wconf 91' lang='lat' dir='ltr'>non</span> <span class='ocrx_word' id='word_1_274' title='bbox 510 3155 584 3237; x_wconf 88' lang='lat' dir='ltr'>sint,</span> <span class='ocrx_word' id='word_1_275' title='bbox 617 3154 681 3219; x_wconf 89' lang='lat' dir='ltr'>nisi</span> <span class='ocrx_word' id='word_1_276' title='bbox 702 3136 798 3245; x_wconf 80' lang='lat' dir='ltr'>homo</span> <span class='ocrx_word' id='word_1_277' title='bbox 821 3154 894 3220; x_wconf 89' lang='lat' dir='ltr'>talis</span> <span class='ocrx_word' id='word_1_278' title='bbox 916 3155 1013 3243; x_wconf 90' lang='lat' dir='ltr'>plane</span> <span class='ocrx_word' id='word_1_279' title='bbox 1035 3146 1193 3222; x_wconf 80' lang='lat' dir='ltr'>daemone</span> <span class='ocrx_word' id='word_1_280' title='bbox 1223 3154 1385 3227; x_wconf 43' lang='lat' dir='ltr'>turbatus.</span> <span class='ocrx_word' id='word_1_281' title='bbox 1401 3160 1427 3218; x_wconf 89' lang='lat' dir='ltr'>et</span> 
     </span>
     <span class='ocr_line' id='line_1_30' title="bbox 149 3246 1425 3348; baseline 0.001 -24"><span class='ocrx_word' id='word_1_282' title='bbox 149 3257 300 3325; x_wconf 80' lang='lat' dir='ltr'>confusus</span> <span class='ocrx_word' id='word_1_283' title='bbox 324 3267 419 3323; x_wconf 85' lang='lat' dir='ltr'>esset.</span> <span class='ocrx_word' id='word_1_284' title='bbox 463 3257 515 3323; x_wconf 91' lang='lat' dir='ltr'>De</span> <span class='ocrx_word' id='word_1_285' title='bbox 537 3256 723 3323; x_wconf 87' lang='lat' dir='ltr'>Abrahamo</span> <span class='ocrx_word' id='word_1_286' title='bbox 747 3259 832 3323; x_wconf 90' lang='lat' dir='ltr'>enim</span> <span class='ocrx_word' id='word_1_287' title='bbox 863 3261 1018 3348; x_wconf 89' lang='lat' dir='ltr'>scriptum</span> <span class='ocrx_word' id='word_1_288' title='bbox 1049 3259 1225 3343; x_wconf 84' lang='lat' dir='ltr'>invenitur,</span> <span class='ocrx_word' id='word_1_289' title='bbox 1259 3246 1425 3348; x_wconf 44' lang='lat' dir='ltr'>quod&#39;cre·</span> 
     </span>
     <span class='ocr_line' id='line_1_31' title="bbox 149 3354 1425 3452; baseline -0.001 -23"><span class='ocrx_word' id='word_1_290' title='bbox 149 3363 268 3431; x_wconf 89' lang='lat' dir='ltr'>diderit</span> <span class='ocrx_word' id='word_1_291' title='bbox 287 3364 360 3429; x_wconf 92' lang='lat' dir='ltr'>Deo</span> <span class='ocrx_word' id='word_1_292' title='bbox 384 3362 447 3429; x_wconf 86' lang='lat' dir='ltr'>sibi</span> <span class='ocrx_word' id='word_1_293' title='bbox 470 3354 615 3451; x_wconf 80' lang='lat' dir='ltr'>loquenti</span> <span class='ocrx_word' id='word_1_294' title='bbox 636 3371 669 3428; x_wconf 91' lang='lat' dir='ltr'>et</span> <span class='ocrx_word' id='word_1_295' title='bbox 689 3363 911 3450; x_wconf 86' lang='lat' dir='ltr'>praecipienti,</span> <span class='ocrx_word' id='word_1_296' title='bbox 942 3362 1028 3450; x_wconf 92' lang='lat' dir='ltr'>quod</span> <span class='ocrx_word' id='word_1_297' title='bbox 1049 3362 1099 3429; x_wconf 88' lang='lat' dir='ltr'>illi</span> <span class='ocrx_word' id='word_1_298' title='bbox 1119 3385 1179 3452; x_wconf 90' lang='lat' dir='ltr'>pro</span> <span class='ocrx_word' id='word_1_299' title='bbox 1195 3363 1328 3452; x_wconf 86' lang='lat' dir='ltr'>justitia</span> <span class='ocrx_word' id='word_1_300' title='bbox 1348 3362 1425 3431; x_wconf 80' lang='lat' dir='ltr'>habi·</span> 
     </span>
     <span class='ocr_line' id='line_1_32' title="bbox 148 3450 1428 3555; baseline -0.003 -20"><span class='ocrx_word' id='word_1_301' title='bbox 148 3476 216 3535; x_wconf 92' lang='lat' dir='ltr'>tum</span> <span class='ocrx_word' id='word_1_302' title='bbox 239 3477 271 3535; x_wconf 85' lang='lat' dir='ltr'>et</span> <span class='ocrx_word' id='word_1_303' title='bbox 293 3470 438 3555; x_wconf 81' lang='lat' dir='ltr'>agnitum</span> <span class='ocrx_word' id='word_1_304' title='bbox 459 3467 529 3533; x_wconf 84' lang='lat' dir='ltr'>fuit</span> <span class='ocrx_word' id='word_1_305' title='bbox 573 3467 646 3533; x_wconf 87' lang='lat' dir='ltr'>Non</span> <span class='ocrx_word' id='word_1_306' title='bbox 668 3467 832 3553; x_wconf 85' lang='lat' dir='ltr'>invenitur</span> <span class='ocrx_word' id='word_1_307' title='bbox 862 3450 981 3551; x_wconf 67' lang='lat' dir='ltr'>autem,</span> <span class='ocrx_word' id='word_1_308' title='bbox 1010 3458 1045 3533; x_wconf 84' lang='lat' dir='ltr'>ut</span> <span class='ocrx_word' id='word_1_309' title='bbox 1075 3466 1199 3533; x_wconf 87' lang='lat' dir='ltr'>infide</span> <span class='ocrx_word' id='word_1_310' title='bbox 1227 3467 1355 3535; x_wconf 90' lang='lat' dir='ltr'>homini</span> <span class='ocrx_word' id='word_1_311' title='bbox 1382 3474 1428 3535; x_wconf 90' lang='lat' dir='ltr'>aut</span> 
     </span>
     <span class='ocr_line' id='line_1_33' title="bbox 150 3569 1427 3662; baseline -0.003 -21"><span class='ocrx_word' id='word_1_312' title='bbox 150 3575 220 3662; x_wconf 91' lang='lat' dir='ltr'>ejus</span> <span class='ocrx_word' id='word_1_313' title='bbox 241 3572 465 3640; x_wconf 90' lang='lat' dir='ltr'>inventoribus</span> <span class='ocrx_word' id='word_1_314' title='bbox 487 3594 547 3660; x_wconf 91' lang='lat' dir='ltr'>pro</span> <span class='ocrx_word' id='word_1_315' title='bbox 564 3572 692 3660; x_wconf 87' lang='lat' dir='ltr'>justitia</span> <span class='ocrx_word' id='word_1_316' title='bbox 712 3569 880 3637; x_wconf 89' lang='lat' dir='ltr'>habeatur.</span> <span class='ocrx_word' id='word_1_317' title='bbox 923 3571 1005 3638; x_wconf 90' lang='lat' dir='ltr'>Item</span> <span class='ocrx_word' id='word_1_318' title='bbox 1027 3571 1070 3651; x_wconf 87' lang='lat' dir='ltr'>de</span> <span class='ocrx_word' id='word_1_319' title='bbox 1098 3571 1227 3659; x_wconf 82' lang='lat' dir='ltr'>virgine</span> <span class='ocrx_word' id='word_1_320' title='bbox 1248 3570 1427 3647; x_wconf 79' lang='lat' dir='ltr'>Marianon</span> 
     </span>
    </p>
   </div>
   <div class='ocr_carea' id='block_1_4' title="bbox 59 3673 1469 4819">
    <p class='ocr_par' dir='ltr' id='par_1_5' title="bbox 149 3673 1428 4503">
     <span class='ocr_line' id='line_1_34' title="bbox 151 3673 1427 3763; baseline 0.001 -18"><span class='ocrx_word' id='word_1_321' title='bbox 151 3678 245 3759; x_wconf 87' lang='lat' dir='ltr'>decet</span> <span class='ocrx_word' id='word_1_322' title='bbox 266 3678 423 3761; x_wconf 88' lang='lat' dir='ltr'>dubitare,</span> <span class='ocrx_word' id='word_1_323' title='bbox 456 3673 529 3742; x_wconf 75' lang='lat' dir='ltr'>oiim</span> <span class='ocrx_word' id='word_1_324' title='bbox 552 3675 711 3762; x_wconf 85' lang='lat' dir='ltr'>scriptura</span> <span class='ocrx_word' id='word_1_325' title='bbox 729 3684 888 3759; x_wconf 80' lang='lat' dir='ltr'>testetur,</span> <span class='ocrx_word' id='word_1_326' title='bbox 917 3675 1003 3763; x_wconf 90' lang='lat' dir='ltr'>quod</span> <span class='ocrx_word' id='word_1_327' title='bbox 1035 3673 1159 3763; x_wconf 86' lang='lat' dir='ltr'>absque</span> <span class='ocrx_word' id='word_1_328' title='bbox 1194 3678 1321 3755; x_wconf 81' lang='lat' dir='ltr'>semine</span> <span class='ocrx_word' id='word_1_329' title='bbox 1353 3675 1427 3746; x_wconf 83' lang='lat' dir='ltr'>vmb</span> 
     </span>
     <span class='ocr_line' id='line_1_35' title="bbox 151 3781 1427 3873; baseline -0.003 -22"><span class='ocrx_word' id='word_1_330' title='bbox 151 3785 335 3872; x_wconf 89' lang='lat' dir='ltr'>conceperit</span> <span class='ocrx_word' id='word_1_331' title='bbox 368 3792 401 3848; x_wconf 90' lang='lat' dir='ltr'>et</span> <span class='ocrx_word' id='word_1_332' title='bbox 421 3781 592 3870; x_wconf 89' lang='lat' dir='ltr'>pepererit,</span> <span class='ocrx_word' id='word_1_333' title='bbox 628 3788 725 3869; x_wconf 89' lang='lat' dir='ltr'>atque</span> <span class='ocrx_word' id='word_1_334' title='bbox 754 3781 848 3869; x_wconf 81' lang='lat' dir='ltr'>virgo</span> <span class='ocrx_word' id='word_1_335' title='bbox 871 3789 1107 3870; x_wconf 87' lang='lat' dir='ltr'>antepartum,</span> <span class='ocrx_word' id='word_1_336' title='bbox 1136 3782 1172 3847; x_wconf 92' lang='lat' dir='ltr'>in</span> <span class='ocrx_word' id='word_1_337' title='bbox 1192 3791 1292 3871; x_wconf 82' lang='lat' dir='ltr'>partu</span> <span class='ocrx_word' id='word_1_338' title='bbox 1310 3790 1427 3873; x_wconf 88' lang='lat' dir='ltr'>etpost</span> 
     </span>
     <span class='ocr_line' id='line_1_36' title="bbox 149 3883 1426 3977; baseline 0.002 -23"><span class='ocrx_word' id='word_1_339' title='bbox 149 3897 277 3977; x_wconf 86' lang='lat' dir='ltr'>partum</span> <span class='ocrx_word' id='word_1_340' title='bbox 297 3887 520 3974; x_wconf 86' lang='lat' dir='ltr'>permanserit,</span> <span class='ocrx_word' id='word_1_341' title='bbox 544 3885 644 3972; x_wconf 86' lang='lat' dir='ltr'>digna</span> <span class='ocrx_word' id='word_1_342' title='bbox 657 3883 752 3951; x_wconf 89' lang='lat' dir='ltr'>laude</span> <span class='ocrx_word' id='word_1_343' title='bbox 765 3908 861 3973; x_wconf 88' lang='lat' dir='ltr'>super</span> <span class='ocrx_word' id='word_1_344' title='bbox 884 3907 996 3952; x_wconf 87' lang='lat' dir='ltr'>omnes</span> <span class='ocrx_word' id='word_1_345' title='bbox 1013 3895 1187 3953; x_wconf 81' lang='lat' dir='ltr'>creaturas.</span> <span class='ocrx_word' id='word_1_346' title='bbox 1211 3887 1332 3969; x_wconf 79' lang='lat' dir='ltr'>Quivis</span> <span class='ocrx_word' id='word_1_347' title='bbox 1352 3888 1426 3955; x_wconf 85' lang='lat' dir='ltr'>enin</span> 
     </span>
     <span class='ocr_line' id='line_1_37' title="bbox 151 3989 1428 4083; baseline 0.001 -24"><span class='ocrx_word' id='word_1_348' title='bbox 151 3994 343 4059; x_wconf 86' lang='lat' dir='ltr'>christianus</span> <span class='ocrx_word' id='word_1_349' title='bbox 377 3992 439 4059; x_wconf 91' lang='lat' dir='ltr'>hoc</span> <span class='ocrx_word' id='word_1_350' title='bbox 462 3990 594 4057; x_wconf 90' lang='lat' dir='ltr'>credere</span> <span class='ocrx_word' id='word_1_351' title='bbox 613 3999 750 4068; x_wconf 88' lang='lat' dir='ltr'>tenetur,</span> <span class='ocrx_word' id='word_1_352' title='bbox 773 3989 859 4077; x_wconf 89' lang='lat' dir='ltr'>quod</span> <span class='ocrx_word' id='word_1_353' title='bbox 882 4013 974 4057; x_wconf 89' lang='lat' dir='ltr'>sacra</span> <span class='ocrx_word' id='word_1_354' title='bbox 996 3992 1156 4078; x_wconf 79' lang='lat' dir='ltr'>scriptino</span> <span class='ocrx_word' id='word_1_355' title='bbox 1177 3996 1327 4077; x_wconf 82' lang='lat' dir='ltr'>testatur,</span> <span class='ocrx_word' id='word_1_356' title='bbox 1348 4014 1428 4083; x_wconf 82' lang='lat' dir='ltr'>prae</span> 
     </span>
     <span class='ocr_line' id='line_1_38' title="bbox 155 4094 1428 4185; baseline 0.001 -23"><span class='ocrx_word' id='word_1_357' title='bbox 155 4100 264 4164; x_wconf 84' lang='lat' dir='ltr'>sertim</span> <span class='ocrx_word' id='word_1_358' title='bbox 288 4120 369 4185; x_wconf 90' lang='lat' dir='ltr'>quae</span> <span class='ocrx_word' id='word_1_359' title='bbox 395 4105 469 4162; x_wconf 87' lang='lat' dir='ltr'>sunt</span> <span class='ocrx_word' id='word_1_360' title='bbox 491 4096 532 4161; x_wconf 91' lang='lat' dir='ltr'>de</span> <span class='ocrx_word' id='word_1_361' title='bbox 553 4101 726 4182; x_wconf 88' lang='lat' dir='ltr'>praecepto</span> <span class='ocrx_word' id='word_1_362' title='bbox 749 4094 828 4162; x_wconf 91' lang='lat' dir='ltr'>Dei.</span> <span class='ocrx_word' id='word_1_363' title='bbox 857 4094 995 4182; x_wconf 88' lang='lat' dir='ltr'>Deque</span> <span class='ocrx_word' id='word_1_364' title='bbox 1017 4105 1125 4161; x_wconf 89' lang='lat' dir='ltr'>autem</span> <span class='ocrx_word' id='word_1_365' title='bbox 1153 4094 1189 4161; x_wconf 89' lang='lat' dir='ltr'>in</span> <span class='ocrx_word' id='word_1_366' title='bbox 1212 4098 1374 4185; x_wconf 86' lang='lat' dir='ltr'>scriptura</span> <span class='ocrx_word' id='word_1_367' title='bbox 1391 4095 1428 4163; x_wconf 89' lang='lat' dir='ltr'>nil</span> 
     </span>
     <span class='ocr_line' id='line_1_39' title="bbox 150 4200 1427 4289; baseline -0.001 -21"><span class='ocrx_word' id='word_1_368' title='bbox 150 4204 323 4284; x_wconf 89' lang='lat' dir='ltr'>invenitur,</span> <span class='ocrx_word' id='word_1_369' title='bbox 362 4201 419 4267; x_wconf 91' lang='lat' dir='ltr'>sed</span> <span class='ocrx_word' id='word_1_370' title='bbox 453 4201 561 4266; x_wconf 90' lang='lat' dir='ltr'>omnia</span> <span class='ocrx_word' id='word_1_371' title='bbox 583 4208 699 4283; x_wconf 88' lang='lat' dir='ltr'>tacent,</span> <span class='ocrx_word' id='word_1_372' title='bbox 735 4207 767 4265; x_wconf 89' lang='lat' dir='ltr'>et</span> <span class='ocrx_word' id='word_1_373' title='bbox 787 4200 936 4288; x_wconf 89' lang='lat' dir='ltr'>proprius</span> <span class='ocrx_word' id='word_1_374' title='bbox 967 4200 1123 4289; x_wconf 84' lang='lat' dir='ltr'>cujusque</span> <span class='ocrx_word' id='word_1_375' title='bbox 1155 4200 1343 4269; x_wconf 89' lang='lat' dir='ltr'>intellectus</span> <span class='ocrx_word' id='word_1_376' title='bbox 1374 4224 1427 4269; x_wconf 90' lang='lat' dir='ltr'>non</span> 
     </span>
     <span class='ocr_line' id='line_1_40' title="bbox 151 4302 1427 4399; baseline 0 -28"><span class='ocrx_word' id='word_1_377' title='bbox 151 4306 253 4373; x_wconf 90' lang='lat' dir='ltr'>solum</span> <span class='ocrx_word' id='word_1_378' title='bbox 286 4329 351 4372; x_wconf 91' lang='lat' dir='ltr'>non</span> <span class='ocrx_word' id='word_1_379' title='bbox 385 4307 545 4372; x_wconf 87' lang='lat' dir='ltr'>consentit</span> <span class='ocrx_word' id='word_1_380' title='bbox 572 4304 760 4392; x_wconf 86' lang='lat' dir='ltr'>scripturae,</span> <span class='ocrx_word' id='word_1_381' title='bbox 793 4304 853 4370; x_wconf 89' lang='lat' dir='ltr'>sed</span> <span class='ocrx_word' id='word_1_382' title='bbox 885 4305 992 4392; x_wconf 90' lang='lat' dir='ltr'>potius</span> <span class='ocrx_word' id='word_1_383' title='bbox 1029 4302 1230 4399; x_wconf 78' lang='lat' dir='ltr'>contradicit,</span> <span class='ocrx_word' id='word_1_384' title='bbox 1269 4310 1343 4396; x_wconf 89' lang='lat' dir='ltr'>quis</span> <span class='ocrx_word' id='word_1_385' title='bbox 1374 4328 1427 4374; x_wconf 93' lang='lat' dir='ltr'>non</span> 
     </span>
     <span class='ocr_line' id='line_1_41' title="bbox 151 4406 1425 4503; baseline 0.002 -26"><span class='ocrx_word' id='word_1_386' title='bbox 151 4420 313 4499; x_wconf 82' lang='lat' dir='ltr'>agnoscet,</span> <span class='ocrx_word' id='word_1_387' title='bbox 336 4410 422 4498; x_wconf 91' lang='lat' dir='ltr'>quod</span> <span class='ocrx_word' id='word_1_388' title='bbox 442 4409 478 4474; x_wconf 91' lang='lat' dir='ltr'>id</span> <span class='ocrx_word' id='word_1_389' title='bbox 490 4408 681 4475; x_wconf 88' lang='lat' dir='ltr'>christianus</span> <span class='ocrx_word' id='word_1_390' title='bbox 702 4430 799 4475; x_wconf 86' lang='lat' dir='ltr'>verua</span> <span class='ocrx_word' id='word_1_391' title='bbox 821 4431 887 4475; x_wconf 90' lang='lat' dir='ltr'>non</span> <span class='ocrx_word' id='word_1_392' title='bbox 899 4416 1045 4475; x_wconf 89' lang='lat' dir='ltr'>teneatur</span> <span class='ocrx_word' id='word_1_393' title='bbox 1066 4406 1201 4474; x_wconf 82' lang='lat' dir='ltr'>credere</span> <span class='ocrx_word' id='word_1_394' title='bbox 1231 4420 1265 4477; x_wconf 88' lang='lat' dir='ltr'>et</span> <span class='ocrx_word' id='word_1_395' title='bbox 1286 4414 1425 4503; x_wconf 81' lang='lat' dir='ltr'>recipere</span> 
     </span>
    </p>

    <p class='ocr_par' dir='ltr' id='par_1_6' title="bbox 59 4503 1469 4819">
     <span class='ocr_line' id='line_1_42' title="bbox 59 4503 1469 4602; baseline -0.001 -18"><span class='ocrx_word' id='word_1_396' title='bbox 59 4503 64 4511; x_wconf 59' lang='grc'><strong>’</strong></span> <span class='ocrx_word' id='word_1_397' title='bbox 150 4517 234 4584; x_wconf 90' lang='lat' dir='ltr'>Nam</span> <span class='ocrx_word' id='word_1_398' title='bbox 255 4516 355 4582; x_wconf 93' lang='lat' dir='ltr'>multo</span> <span class='ocrx_word' id='word_1_399' title='bbox 377 4514 542 4581; x_wconf 82' lang='lat' dir='ltr'>difficilior</span> <span class='ocrx_word' id='word_1_400' title='bbox 573 4536 626 4579; x_wconf 90' lang='lat' dir='ltr'>res</span> <span class='ocrx_word' id='word_1_401' title='bbox 649 4523 707 4597; x_wconf 89' lang='lat' dir='ltr'>est,</span> <span class='ocrx_word' id='word_1_402' title='bbox 740 4522 776 4579; x_wconf 88' lang='lat' dir='ltr'>ut</span> <span class='ocrx_word' id='word_1_403' title='bbox 798 4513 956 4598; x_wconf 86' lang='lat' dir='ltr'>credatur,</span> <span class='ocrx_word' id='word_1_404' title='bbox 993 4512 1079 4602; x_wconf 90' lang='lat' dir='ltr'>quod</span> <span class='ocrx_word' id='word_1_405' title='bbox 1100 4513 1193 4581; x_wconf 92' lang='lat' dir='ltr'>Deus</span> <span class='ocrx_word' id='word_1_406' title='bbox 1216 4517 1374 4585; x_wconf 87' lang='lat' dir='ltr'>mundum</span> <span class='ocrx_word' id='word_1_407' title='bbox 1401 4524 1426 4581; x_wconf 88' lang='lat' dir='ltr'>et</span> <span class='ocrx_word' id='word_1_408' title='bbox 1467 4554 1469 4583; x_wconf 75' lang='lat'>÷</span> 
     </span>
     <span class='ocr_line' id='line_1_43' title="bbox 151 4610 1425 4709; baseline 0.003 -22"><span class='ocrx_word' id='word_1_409' title='bbox 151 4644 205 4689; x_wconf 90' lang='lat' dir='ltr'>res</span> <span class='ocrx_word' id='word_1_410' title='bbox 227 4643 339 4687; x_wconf 87' lang='lat' dir='ltr'>omnes</span> <span class='ocrx_word' id='word_1_411' title='bbox 363 4643 405 4685; x_wconf 86' lang='lat' dir='ltr'>ex</span> <span class='ocrx_word' id='word_1_412' title='bbox 426 4618 525 4685; x_wconf 88' lang='lat' dir='ltr'>nihilo</span> <span class='ocrx_word' id='word_1_413' title='bbox 548 4640 658 4685; x_wconf 89' lang='lat' dir='ltr'>creare</span> <span class='ocrx_word' id='word_1_414' title='bbox 681 4618 831 4706; x_wconf 87' lang='lat' dir='ltr'>dignatus</span> <span class='ocrx_word' id='word_1_415' title='bbox 855 4620 906 4703; x_wconf 89' lang='lat' dir='ltr'>sit,</span> <span class='ocrx_word' id='word_1_416' title='bbox 929 4610 1003 4684; x_wconf 83' lang='lat' dir='ltr'>eum</span> <span class='ocrx_word' id='word_1_417' title='bbox 1024 4628 1132 4683; x_wconf 87' lang='lat' dir='ltr'>tamen</span> <span class='ocrx_word' id='word_1_418' title='bbox 1155 4620 1321 4709; x_wconf 86' lang='lat' dir='ltr'>scriptura</span> <span class='ocrx_word' id='word_1_419' title='bbox 1341 4631 1425 4689; x_wconf 73' lang='lat' dir='ltr'>aaa</span> 
     </span>
     <span class='ocr_line' id='line_1_44' title="bbox 145 4720 1424 4819; baseline 0.005 -27"><span class='ocrx_word' id='word_1_420' title='bbox 145 4726 250 4793; x_wconf 85' lang='lat' dir='ltr'>menti</span> <span class='ocrx_word' id='word_1_421' title='bbox 271 4726 320 4793; x_wconf 81' lang='lat' dir='ltr'>ita</span> <span class='ocrx_word' id='word_1_422' title='bbox 340 4722 463 4791; x_wconf 86' lang='lat' dir='ltr'>factum</span> <span class='ocrx_word' id='word_1_423' title='bbox 483 4721 584 4791; x_wconf 85' lang='lat' dir='ltr'>fuisse</span> <span class='ocrx_word' id='word_1_424' title='bbox 605 4730 750 4808; x_wconf 83' lang='lat' dir='ltr'>testetur,</span> <span class='ocrx_word' id='word_1_425' title='bbox 773 4732 921 4793; x_wconf 86' lang='lat' dir='ltr'>tenemur</span> <span class='ocrx_word' id='word_1_426' title='bbox 941 4722 1033 4793; x_wconf 90' lang='lat' dir='ltr'>haec.</span> <span class='ocrx_word' id='word_1_427' title='bbox 1046 4720 1181 4793; x_wconf 88' lang='lat' dir='ltr'>credere</span> <span class='ocrx_word' id='word_1_428' title='bbox 1202 4727 1323 4817; x_wconf 77' lang='lat' dir='ltr'>magis,</span> <span class='ocrx_word' id='word_1_429' title='bbox 1344 4747 1424 4819; x_wconf 74' lang='lat' dir='ltr'>quem</span> 
     </span>
    </p>
   </div>
   <div class='ocr_carea' id='block_1_5' title="bbox 0 0 1482 5086">
    <p class='ocr_par' dir='ltr' id='par_1_7' title="bbox 0 0 1482 5086">
     <span class='ocr_line' id='line_1_45' title="bbox 0 0 1482 5086; baseline 0 0"><span class='ocrx_word' id='word_1_430' title='bbox 0 0 1482 5086; x_wconf 95' lang='lat' dir='ltr'> </span> 
     </span>
    </p>
   </div>
  </div>
 </body>
</html>
