2946 5086
1344 178 1368 245 δ

67 346 245 429 utrumque
267 340 411 407 officium
433 340 621 409 attribuerit
643 342 904 413 dominodoanni
928 342 1071 412 Hlawsa.
1114 344 1168 411 De
1189 345 1252 413 hoc
1265 348 1367 437 scrip·

72 452 139 510 tum
163 452 216 510 est
237 444 272 510 in
293 448 397 533 primo
421 445 515 531 libro,
537 468 608 537 cap.
632 448 662 513 2.

153 548 186 615 2.
231 547 341 616 Oausa
360 549 521 617 secunda:
565 550 642 617 dum
664 573 725 617 rex
747 575 790 618 ex
810 552 972 619 Bohemia
985 554 1190 637 excessisset,
1214 552 1275 620 sub
1287 576 1362 623 con-

71 653 178 718 sulatu
201 651 326 719 domini
346 654 485 721 Joannis
507 655 650 739 Hlawsa,
671 678 732 743 per
753 656 896 722 edicttrm
917 656 1025 741 Praga
1047 656 1174 722 dimissi
1197 666 1272 723 sunt
1292 660 1361 747 qui·

72 754 146 822 dam
168 758 312 845 parochi
335 758 409 825 Hac
430 759 472 825 de
493 782 529 827 re
552 762 709 848 scripturn
731 764 838 826 estin
860 760 975 827 eodem
997 758 1091 839 libro,
1115 784 1186 848 cap.
1208 763 1246 828 a·

157 861 188 927 3.
235 858 345 928 Causa
366 863 478 929 tertia:
501 862 543 930 ob
566 873 771 948 conventum,
793 864 923 929 infesto
942 864 1191 945 Purificationis,
1216 864 1361 930 omniurn

73 964 167 1029 trium
183 973 325 1032 statuum
337 966 398 1033 sub
413 976 550 1057 utraque
566 968 676 1054 specie
698 968 1004 1032 communicantium
1025 968 1060 1031 in
1082 965 1219 1053 collegio
1241 987 1360 1051 magno

75 1066 265 1134 institutum.
308 1069 348 1135 Id
370 1071 526 1157 scriptum
549 1082 599 1135 est
619 1072 654 1135 in
677 1069 791 1136 eodem
813 1069 907 1152 libro,
930 1092 999 1157 cap.
1021 1072 1052 1136 6.
1075 1078 1108 1134 et
1131 1069 1163 1138 7.

153 1172 185 1239 4
230 1171 338 1239 Causa
360 1184 491 1261 quarta:
515 1175 556 1242 ob
580 1175 781 1262 quorundam
805 1175 1010 1241 sacerdotum
1032 1175 1205 1239 conciones
1227 1180 1261 1237 et
1281 1170 1361 1260 dog·

75 1282 168 1340 mata
214 1275 255 1340 ld
276 1280 438 1364 reperitur
459 1301 530 1366 cap.
553 1278 584 1346 9.
607 1280 753 1367 ejusdem
774 1279 859 1346 libri.

154 1379 189 1444 ὅ.
232 1378 341 1447 (lausa
363 1382 495 1469 quinta:
528 1382 570 1449 ob
601 1383 803 1470 quorundam
836 1383 1003 1448 hominum
1033 1378 1174 1446 audaces
1196 1401 1363 1447 sermones

71 1481 109 1549 de
132 1484 355 1568 sacramentis,
380 1494 412 1550 et
433 1485 507 1551 aliis
529 1485 627 1553 rebus
651 1485 894 1552 ecclesiasticis.
915 1483 956 1551 Id
969 1492 1115 1550 notatum
1138 1491 1188 1549 est
1201 1480 1363 1551 ineodem

69 1583 161 1665 libro,
185 1586 301 1653 eodem
323 1609 394 1676 cap.

155 1693 187 1760 6.
233 1690 342 1759 (lausa
363 1702 474 1760 sexta:
507 1702 640 1783 propter
662 1693 866 1760 sacerdotem
886 1692 1074 1776 Martinurn,
1098 1689 1362 1757 concionatorem

66 1796 102 1861 in
125 1794 338 1883 Bethlehem,
372 1806 405 1863 et
435 1801 627 1886 magistrum
660 1797 792 1866 Gallum
825 1798 955 1865 Ozaher
984 1797 1297 1878 administratorem,
1329 1801 1364 1861 et

67 1901 311 1966 communitatis
325 1910 459 1989 propter
470 1902 602 1968 eosdem
626 1912 740 1972 exorta
762 1902 908 1971 dissidia.
952 1902 1006 1969 De
1027 1902 1078 1967 his
1091 1902 1245 1988 scriptum
1260 1896 1318 1965 lib.
1327 1896 1360 1965 2.

64 2024 140 2091 cap.
164 2004 195 2069 8.
239 2006 294 2071 Ex
316 2005 433 2092 quibus
456 2007 606 2074 omnibus
629 2009 735 2075 causis
757 2007 815 2073 alii
835 2006 931 2072 multi
952 2005 994 2072 de
1014 2006 1136 2094 pietate
1156 2004 1360 2085 remiserunt,

65 2116 102 2173 ut
124 2106 194 2195 lupi
216 2107 258 2173 de
279 2108 356 2192 vite,
388 2110 434 2174 ita
456 2118 492 2175 ut
513 2109 555 2176 de
577 2113 696 2197 exiguo
718 2111 819 2177 fluvio
840 2112 957 2195 ingens
980 2117 1014 2175 ct
1034 2109 1178 2197 amplum
1199 2128 1289 2173 mare
1308 2107 1360 2172 in·

66 2212 219 2289 creverit,
241 2234 317 2278 nam
341 2212 473 2279 eosdem
496 2224 608 2282 contra
619 2215 976 2283 inviceminauxilium
990 2222 1157 2298 vocarunt,
1180 2213 1237 2301 qui
1252 2210 1359 2299 magis

67 2313 225 2399 ludibrio,
248 2337 345 2402 quam
367 2318 586 2384 aestimationi
608 2322 800 2388 servierunt.

153 2420 303 2485 Fuerunt
324 2420 422 2487 etiam
445 2421 525 2509 (non
538 2422 664 2512 dubito)
689 2420 745 2493 illc
768 2432 913 2511 tempore
934 2422 1020 2486 inter
1031 2427 1133 2485 status
1155 2418 1361 2485 dominorum

67 2533 99 2590 et
113 2532 300 2611 equestrem
311 2523 408 2608 hujus
420 2527 514 2611 regni
528 2548 647 2612 magna
661 2525 798 2592 dissidia
819 2535 851 2590 ct
873 2523 1093 2591 dissensiones
1116 2520 1176 2587 sub
1187 2526 1361 2608 praetextu

67 2628 248 2715 religionis,
261 2628 624 2715 sicutPragensiumex
643 2633 749 2697 causis
774 2630 977 2718 quibusdam,
1001 2625 1180 2694 secundum
1196 2622 1359 2713 judicium

66 2754 183 2816 meum,
208 2732 429 2819 sequentibus.

153 2837 184 2905 1.
229 2836 356 2902 Prima:
380 2837 457 2903 dum
480 2844 581 2902 status
605 2837 810 2905 dominorum
832 2837 1045 2905 dissentiebat
1066 2845 1199 2926 propter
1219 2833 1355 2924 portati·

68 2960 161 3007 onem
186 2940 316 3026 sceptri,
339 2942 428 3029 pomi
450 2942 541 3006 aurei
564 2950 595 3006 et
618 2943 705 3009 ensis
728 2952 803 3008 ante
824 2966 936 3031 regem
951 2945 984 3010 in
1001 2941 1210 3010 coronatione
1225 2939 1359 3027 reginae

67 3042 198 3111 Mariae.
240 3044 293 3109 De
314 3043 376 3111 hoc
400 3048 556 3134 scriptum
577 3046 634 3115 lib.
663 3048 693 3113 1.
716 3071 785 3136 cap.
809 3050 840 3114 2.

148 3148 180 3213 2.
226 3146 335 3215 Causa
355 3150 515 3215 secunda:
539 3150 616 3215 dum
628 3173 739 3217 ornnes
762 3173 815 3217 res
838 3146 1355 3239 statueregniBohemiaevolue·

69 3262 151 3336 runt,
174 3260 212 3317 ut
233 3252 383 3318 dominus
404 3253 629 3321 ZdencoLew
651 3255 1235 3343 supremusburggraviusPragensis
1257 3254 1353 3319 ratio·

70 3358 154 3421 cinia
177 3356 337 3440 conficiat,
369 3364 402 3422 et
430 3358 575 3445 deponat
607 3358 649 3425 de
682 3361 825 3447 acceptis
855 3370 888 3425 ct
912 3361 1072 3446 expositis
1094 3368 1228 3449 propter
1249 3353 1360 3424 debita

69 3462 168 3547 regia,
187 3460 263 3525 huic
282 3469 390 3525 autem
406 3460 462 3526 ille
477 3484 512 3526 se
532 3464 690 3549 opposuit
733 3460 944 3549 Idscriptum
966 3484 1037 3550 cap.
1049 3464 1080 3529 3.
1103 3463 1250 3551 ejusdem
1271 3458 1358 3526 libri.

147 3566 179 3631 3.
225 3562 333 3628 Causa
354 3565 470 3629 tertia:
494 3563 571 3629 dum
592 3588 653 3631 rex
673 3566 861 3633 Ludovicus
886 3565 1037 3630 omnibus
1063 3566 1165 3631 ferme
1180 3566 1275 3652 regni
1289 3562 1359 3631 offi-

66 3667 202 3735 cialibus
224 3666 348 3732 ademit
369 3668 486 3745 officia,
517 3670 737 3756 suspicionem
766 3670 862 3736 unius
892 3679 1005 3735 contra
1038 3670 1176 3737 alterum
1209 3690 1355 3735 causaue.

66 3770 137 3841 Hoc
158 3772 328 3838 invenitur
349 3770 406 3840 lib.
429 3782 462 3837 et
483 3794 552 3860 cap.
577 3773 710 3838 eisdem.

149 3874 206 3940 Ex
229 3874 280 3939 his
304 3875 411 3940 causis
433 3884 523 3940 ortae
546 3873 665 3940 deinde
687 3888 761 3943 sunt
792 3877 885 3960 aliae,
919 3898 999 3964 quas
1021 3874 1076 3940 hic
1098 3876 1220 3942 referre
1244 3896 1356 3963 super·

64 3978 164 4045 fluum
187 3978 327 4062 videtur,
350 4000 424 4043 cum
447 3978 566 4043 exinde
588 3980 767 4045 interillos
788 3981 853 4046 Dei
867 3982 998 4047 favente
1014 3980 1119 4066 gratia
1140 3977 1266 4044 nullum
1287 4000 1354 4045 rna-

64 4082 130 4149 lum
167 4084 323 4165 evenerit,
359 4085 506 4170 quamvis
543 4083 719 4167 videretur,
756 4087 850 4172 quasi
878 4107 962 4151 unus
984 4084 1079 4149 alteri
1100 4084 1168 4148 vim
1191 4080 1354 4169 quandam

63 4188 184 4278 inferre
207 4183 316 4263 vellet,
340 4187 424 4253 sicut
444 4189 529 4252 inter
550 4189 741 4272 Pragenses.
785 4188 839 4255 Ab
861 4188 923 4255 hoc
945 4199 1091 4278 tempore
1112 4188 1214 4275 aliqui
1235 4184 1277 4253 de
1293 4194 1356 4255 sta·

63 4292 149 4359 tibus
172 4290 231 4356 diu
252 4290 425 4356 noluerunt
446 4292 587 4377 Pragam
609 4292 747 4378 ingredi,
775 4302 807 4359 et
818 4296 949 4362 comitia
963 4294 1139 4377 celebrare,
1163 4292 1268 4358 donec
1281 4302 1356 4381 post

62 4405 204 4463 mortem
226 4396 314 4481 regis
345 4394 507 4462 Ludovici
530 4396 704 4462 concordia
724 4397 809 4463 inter
840 4398 972 4465 eosdem
1000 4400 1086 4466 facta
1114 4398 1250 4476 fuisset3
1286 4420 1356 4463 rem

62 4499 162 4567 utem
184 4496 357 4565 adversam
386 4501 541 4589 primario
575 4498 757 4567 Stanislaus
785 4500 970 4591 Episcopus
998 4502 1224 4570 Olomucensis
1246 4500 1352 4569 Mors·

61 4604 154 4681 riae,
189 4612 223 4665 et
252 4602 378 4670 Ziabka
415 4606 609 4671 secretarius
642 4627 702 4693 per
733 4608 883 4674 nuntium
915 4609 1046 4675 nomine
1086 4610 1178 4694 regio
1208 4614 1353 4693 agentes,

62 4711 150 4773 inter
172 4726 287 4771 ornnes
320 4718 424 4775 status
446 4707 623 4775 Bohemiae
655 4709 840 4797 attulerunt,
874 4720 908 4777 et
938 4710 1200 4781 disseminarunt.
1244 4708 1353 4793 Quod·
