2902 5086
1263 177 1307 249 lo

10 332 220 423 ¹tudrogem
230 333 458 418 wladislaum,
480 334 649 403 sedetiam
665 338 755 425 apud
766 340 913 427 ejusdem
923 340 1026 409 filimn
1038 364 1151 429 regom
1162 344 1305 417 Ludovi·

10 458 75 522 ιιιι,
100 440 144 505 in
172 439 322 507 adventu
341 459 461 526 nempe
483 438 590 527 hujus,
613 441 690 528 quia
721 448 824 509 status
846 445 954 512 oivilis
976 468 1106 537 semper
1126 470 1202 517 oum
1225 472 1305 541 rogo

10 542 57 609 alo
71 566 201 631 agere,
225 554 258 609 et
270 543 312 612 ab
328 544 443 611 eodem
460 544 559 631 dirigi
572 544 714 629 volebat,
737 569 777 615 ae
790 570 811 615 a
822 548 911 615 nullo
933 550 1009 621 alio.
1031 552 1125 639 Item,
1147 553 1235 645 quod
1257 556 1306 628 tin

10 670 23 715 a
46 650 219 735 gratiam,
237 649 315 737 jura
336 658 369 717 et
388 648 557 716 libertates
581 671 657 717 suas
679 650 806 735 civiles,
835 662 933 742 prout
953 654 1003 721 illi
1024 666 1126 725 status
1147 668 1297 747 praeten-

10 752 134 839 ubant,
160 754 282 821 eedere
302 754 494 851 noluerunt3¹
523 766 556 825 ot
576 780 650 827 oum
671 781 735 827 nee
756 782 857 829 unum
878 782 985 851 neque
1005 763 1144 833 alterum
1165 768 1299 837 edicere

10 878 69 924 um
92 858 171 925 illis
192 862 369 947 potuerint,
399 851 518 929 mirum
538 865 575 929 in
595 865 728 932 modum
750 866 834 931 eitra
854 887 947 953 spem
967 864 1144 937 humanam
1164 870 1295 941 fortuna

10 972 88 1029 nter
111 964 196 1030 illos
219 965 422 1051 versabatur,
445 989 489 1034 ex
500 991 564 1056 quo
575 971 720 1037 amicitia
739 972 826 1037 inter
846 971 931 1054 illos,
955 972 1104 1039 similiter
1125 976 1307 1045 sioutinter

10 1066 180 1136 Herodem
204 1077 238 1135 et
257 1070 399 1139 Pilatum
419 1073 551 1161 prodiit,
569 1097 652 1162 quae
664 1076 744 1163 quid
752 1075 974 1163 Pragensibus
996 1082 1188 1165 causaverit,
1210 1080 1306 1149 brevi

10 1170 151 1258 tostum
174 1194 253 1239 nam
274 1196 320 1243 ex
339 1176 397 1243 tali
418 1178 564 1245 amicitia
594 1179 725 1247 illorum
756 1181 843 1247 inter
870 1179 946 1246 illos
966 1181 1109 1248 invioem
1131 1182 1249 1251 seditio
1270 1193 1305 1253 et

10 1276 165 1344 umultus
186 1278 387 1369 infrascripti
407 1282 535 1370 Pragae
556 1286 664 1349 exorti
686 1293 771 1367 sunt,
794 1283 921 1349 ethaeo
942 1283 1193 1353 disent-diaeum
1209 1296 1296 1357 statu

10 1380 105 1449 u'vili·
119 1384 273 1451 oessavit
318 1384 433 1473 Itaque
454 1386 537 1455 haee
558 1389 636 1454 unio
657 1388 834 1474 Pragensis
855 1386 992 1454 statibus
1012 1388 1079 1456 illis
1101 1389 1228 1459 duobus
1245 1394 1295 1459 in·

10 1484 189 1553 tolerabilis
209 1486 282 1571 luit,
311 1489 359 1554 ita
379 1489 467 1579 quod
488 1494 547 1577 eis,
577 1493 773 1569 praesertim
803 1491 935 1559 domino
961 1491 1053 1577 Low,
1085 1502 1200 1561 eontra
1219 1516 1296 1564 suos

10 1584 216 1657 ndversarios
236 1589 323 1659 beno
345 1596 505 1662 servierit.

559 1848 708 1919 CAPUT
729 1852 760 1919 4.

10 1968 152 2037 contina
180 1974 343 2041 dissidium
373 1987 498 2059 propter
520 1988 677 2059 computus
700 1984 730 2037 et
750 1979 908 2040 ratiocinia
928 1998 948 2040 a
969 1979 1090 2041 domino
1111 1980 1188 2041 Low
1209 1980 1301 2061 depo'·

10 2062 126 2125 nendos.
170 2062 221 2124 De
250 2064 406 2126 Kostroun
439 2066 597 2146 pannifioe.
639 2068 688 2126 De
708 2065 837 2143 prandio
858 2065 923 2145 regi
944 2064 1103 2127 Ludorioo
1125 2087 1144 2128 a
1165 2066 1300 2149 Progen-

12 2146 88 2211 tibue
109 2148 144 2209 in
166 2150 253 2211 ouria
274 2160 391 2231 parato,
425 2160 454 2214 et
475 2154 615 2227 deludo,
646 2172 682 2215 ao
705 2153 869 2214 certamine
891 2153 1030 2230 equestri.
1074 2152 1123 2214 De
1149 2150 1300 2235 ademptis¹

229 2256 250 2298 a
268 2258 341 2318 rege
362 2239 543 2317 quibusdam
564 2240 652 2319 regni
674 2235 793 2315 officiis,
817 2248 847 2300 et
870 2239 940 2301 aliis
961 2239 1090 2301 eollatis.

90 2417 224 2485 Interea
244 2378 400 2507 magnum
422 2420 596 2487 dissidium
618 2430 767 2488 exortum
787 2420 850 2487 fuit
869 2422 955 2487 inter
976 2443 1091 2489 omnes
1109 2428 1177 2489 tres
1187 2427 1299 2503 status,

14 2528 143 2611 propter
163 2532 335 2612 computus
356 2524 481 2591 domini
500 2525 592 2603 Low,
612 2527 740 2591 ratione
755 2524 940 2592 debitorum
950 2527 1126 2611 regiorum,
1147 2534 1180 2591 et
1201 2525 1300 2591 totius

12 2624 109 2713 tegni,
141 2648 227 2715 quae
257 2627 368 2695 debita
389 2651 426 2696 se
447 2629 670 2696 extendebant
690 2628 775 2697 ultra
795 2630 938 2713 300‚000
970 2623 1167 2712 Misnenses,
1187 2627 1299 2695 admn-

13 2739 135 2816 nonas,
156 2740 192 2799 et
211 2739 359 2821 petentes
380 2732 423 2799 ab
446 2733 563 2800 eodem
585 2733 716 2800 domino
737 2733 827 2816 Lew,
863 2741 900 2798 ut
928 2738 1098 2821 computus
1118 2729 1163 2800 de
1182 2753 1300 2819 senep-

12 2834 92 2903 laet
101 2837 261 2925 expositis
281 2839 363 2924 regi,
386 2846 419 2905 et
439 2839 501 2905 toti
520 2858 623 2924 regno
645 2836 793 2904 ordinate
815 2837 975 2925 deponat3
998 2834 1055 2903 ille
1075 2856 1155 2903 vero
1176 2856 1295 2903 renue·

13 2932 64 3005 bat
82 2940 119 3007 id
148 2940 275 3027 fauere,
307 2942 421 3009 dioene
450 2963 487 3008 se
510 2942 721 3031 quietantiam
743 2963 842 3029 super
865 2939 949 3008 haee
970 2961 991 3007 a
1012 2961 1090 3027 rege
1111 2937 1296 3016 Wladislaq

12 3060 120 3112 morae
133 3046 311 3113 memoriae
332 3045 520 3113 obtinuisse
563 3044 674 3113 Statim
695 3055 803 3112 autem
817 3042 1067 3133 perpendentes,
1090 3042 1169 3133 quid
1188 3041 1301 3113 debite

12 3158 64 3217 sut
81 3148 229 3219 indebite
249 3150 316 3235 fiat,
337 3150 511 3217 noluerunt
532 3171 605 3216 esse
627 3151 780 3235 contenti,
802 3148 960 3233 dieentes,
990 3147 1077 3238 quod
1106 3148 1206 3213 etiam
1219 3146 1295 3213 illos

15 3254 187 3341 oportebat
220 3254 264 3323 de
296 3254 348 3321 bis
370 3253 576 3343 compotibus
607 3255 709 3339 seire;
742 3253 819 3320 hino
841 3275 885 3320 ex
905 3253 996 3319 omni
1016 3260 1110 3339 parte
1130 3272 1207 3317 eum
1228 3248 1300 3317 adi·

14 3350 96 3443 bnut,
127 3356 278 3427 nolentes
299 3380 495 3448 quemquam
515 3359 611 3445 regni
639 3366 747 3424 aeuum
775 3355 951 3439 inchoare,
984 3354 1089 3421 donee
1118 3353 1202 3423 illud
1222 3353 1299 3441 liatp

15 3462 188 3549 aqueum
207 3464 365 3552 ipserex
385 3484 460 3531 oum
482 3463 681 3532 eonsiliariis
700 3461 768 3527 suis
789 3482 848 3549 pro
870 3460 928 3527 illo
950 3468 1096 3548 tompore
1115 3457 1179 3525 hoe
1201 3456 1298 3525 dissi·

17 3558 97 3631 dium
118 3568 365 3655 oomposuisset
409 3565 484 3647 Qua
505 3566 547 3632 de
568 3587 668 3633 eausa
689 3586 778 3648 vero,
799 3563 855 3629 vel
875 3585 935 3651 per
956 3582 1053 3650 quem
1073 3582 1212 3649 regnum
1232 3562 1297 3631 Bo.-

18 3662 135 3737 lumine
155 3672 204 3737 ita
224 3670 345 3737 debitis
367 3678 517 3737 onustum
540 3677 575 3735 et
594 3677 767 3757 gravatum
789 3666 898 3751 luerit,
927 3666 1020 3733 varie
1041 3667 1129 3733 inter
1148 3665 1296 3733 homines

20 3772 185 3855 moesus
206 3773 460 3857 discurrebatnr,
497 3782 531 3839 et
560 3773 635 3839 ideo
668 3772 752 3839 haee
773 3773 896 3855 omitto,
932 3792 976 3836 ne
997 3768 1102 3837 ullum
1122 3768 1296 3842 offendam.

20 3868 148 3945 Unioum
170 3878 226 3947 bio
247 3878 357 3947 deero
378 3878 464 3962 volo,
497 3878 585 3968 quod
617 3878 670 3945 his
691 3878 892 3967 temporibus
913 3876 1047 3965 quidam
1067 3896 1192 3965 pauper
1213 3876 1296 3945 civis

22 3972 133 4069 Plagae
153 3984 261 4068 fuerit,
284 3984 407 4073 opifieii
428 3985 479 4051 sui
496 3984 663 4073 munifex,
686 3984 852 4051 Kostroun
866 3984 990 4067 dietus5
1011 3982 1075 4065 hio,
1092 3982 1294 4071 nescioquo

21 4078 83 4171 file,
105 4109 188 4155 sana
207 4098 318 4155 mente
339 4076 373 4157 et
390 4089 517 4155 ratione
538 4088 713 4157 destitutus
733 4087 804 4171 fuit,
836 4086 974 4154 subinde
997 4093 1116 4167 tamen,
1138 4083 1217 4151 dum
1237 4080 1296 4149 uti.-

21 4190 83 4273 tnid
95 4192 261 4283 loquendo
271 4192 486 4283 praeferebat,
508 4192 647 4281 quilibet
668 4191 763 4259 homo
785 4191 930 4280 prudens
951 4190 1061 4257 debite
1083 4186 1294 4259 considerare

18 4297 116 4381 souis
142 4318 221 4363 nam
237 4298 335 4387 juxta
348 4297 557 4387 proverbium
579 4296 670 4363 stulti
702 4304 735 4363 et
754 4295 896 4361 infantes
917 4304 954 4362 ut
975 4294 1152 4380 plurimum
1174 4292 1292 4361 verita·

18 4400 68 4465 lun
87 4400 179 4491 loqui
201 4400 316 4469 solent
359 4402 421 4469 Ille
443 4424 521 4489 ergo
542 4402 710 4491 pannifex,
739 4402 775 4467 in
808 4400 949 4491 quodam
970 4404 1133 4465 conventu
1154 4420 1213 4465 seu
1234 4420 1292 4465 eo·

14 4501 101 4571 mdis
121 4506 158 4573 in
180 4528 257 4575 urse
277 4508 438 4597 Pragensi
459 4506 643 4590 celebratis,
678 4505 755 4573 dum
776 4506 824 4570 ita
843 4504 887 4571 de
907 4504 960 4571 his
981 4500 1101 4570 debitis
1123 4500 1292 4589 agebatur,

13 4608 135 4691 pantos
153 4610 259 4697 dixit,
292 4611 381 4703 quod
402 4620 548 4701 tempore
582 4612 672 4698 regis
704 4608 841 4696 Georgii
872 4608 993 4677 Judaei
1023 4606 1207 4697 Prageuses
1229 4604 1292 4685 soli

10 4710 139 4785 &erint
170 4716 300 4795 laonem
327 4725 362 4785 et
382 4716 540 4800 leaenam,
569 4736 673 4804 usque
694 4712 737 4787 ad
758 4712 926 4789 interitum
946 4736 1071 4805 eornm,
1098 4736 1197 4793 ,nunu
1213 4732 1298 4798 anun
