2946 5086
1288 236 1356 306 295

1311 428 1375 482 1³⁸8·

635 486 744 577 Caput
765 488 815 556 20.
1145 542 1148 549 ,

84 573 132 633 Ubi
163 576 331 646 describitur,
362 576 493 645 quomodo
510 592 556 631 rex
573 577 746 647 Prageusibus
776 576 944 632 amicabiliter
967 576 1078 645 deierat,
1095 581 1125 629 ut
1141 569 1303 629 amicabilem

113 649 319 702 transactionem
334 650 433 713 iueaut,
451 647 549 700 Passek
568 662 631 700 vero
651 661 711 699 cum
728 649 782 700 auis
799 645 1157 714 adhaerentibusasuperbia
1169 655 1304 695 suarece·

118 718 183 770 dere
200 731 255 769 non
273 717 336 784 vult,
355 718 433 771 etiam
451 716 527 785 quale
550 730 703 784 responsum
732 717 790 785 regi
813 715 932 781 dederit3
960 716 1050 769 exules
1080 716 1176 782 pariter
1200 711 1305 763 admissi

117 786 294 838 innocentiam
311 800 385 838 auam
401 786 540 849 insinuaut,
558 793 671 838 attamen
690 785 778 837 denuo
794 799 824 838 re
841 785 938 838 iniecta
957 784 1134 838 discesserunt
1152 789 1203 836 etc.
1238 776 1306 830 Tau-

117 855 180 906 dem
197 861 280 906 testes
297 855 368 907 citati
386 852 418 907 ab
437 851 555 907 exulibus
579 855 753 906 testimonium
781 853 845 906 dare
869 853 1015 909 debuerunt
1046 861 1136 905 coutrs
1152 850 1309 918 l’ragenses,

117 921 220 977 Pasaek
236 936 301 975 vero
319 923 457 993 diligenter
473 921 667 983 sollicitabatur,
695 937 730 976 ue
748 922 810 975 dont
827 922 1001 977 testimoniam
1044 951 1309 976 .......
1327 910 1380 966 238

91 1073 188 1150 laquo
205 1086 318 1145 notatur,
336 1076 407 1144 quod
423 1078 515 1131 itomm
534 1077 634 1132 Passala
644 988 764 1132 svbblblblrtst
771 990 872 1131 2rbbdo
889 1085 915 1130 et
933 1076 1025 1131 fraude
1043 1091 1090 1130 sua
1109 1072 1240 1157 diabolica
1258 1069 1309 1122 do-

119 1152 221 1232 ''mi'‘
240 1162 425 1268 “ittitt
441 1147 995 1268 :lt“ittt'tttl‘ttttlt't‘it
1012 1146 1311 1267 littttitlttttt

115 1219 294 1355 boarndlebb'llbi,
312 1284 383 1352 quod
400 1285 451 1336 sibi
466 1231 559 1353 reggem
577 1284 709 1337 addictum
726 1232 752 1336 apt
768 1232 1075 1338 benevolbmgredderet.
1103 1279 1242 1346 Quomodo
1259 1277 1312 1356 ἰιιε-Ι
1373 1278 1381 1293 ’

114 1372 174 1410 rum
192 1353 324 1421 quendam
342 1353 502 1421 lagenarium
521 1361 547 1405 et
558 1353 666 1406 sltemm
680 1353 848 1422 ciugularium
861 1352 895 1404 ad
912 1369 1003 1423 rogum
1030 1350 1215 1404 condemnatos
1233 1344 1310 1397 educi

113 1423 251 1493 jusserint.
286 1421 368 1475 Simul
391 1422 523 1490 monsedo
544 1423 588 1474 isti
606 1437 693 1475 coram
710 1430 765 1478 toto
783 1422 881 1491 populo
899 1421 978 1476 iidem
996 1436 1068 1475 auam
1087 1419 1263 1488 profiteantur,
1281 1422 1307 1465 et

118 1492 199 1549 simul
217 1504 266 1560 pro
283 1491 396 1543 inimicis
414 1492 468 1545 suia
487 1489 571 1544 Deum
588 1496 698 1545 exorent
742 1518 1309 1547 ..............
1327 1481 1380 1538 240

642 1557 749 1648 Oaput
769 1559 822 1626 22.

84 1643 134 1702 llbi
151 1650 299 1703 insinuatur
317 1645 350 1699 de
367 1645 407 1699 bis
418 1643 558 1699 combustis
577 1655 603 1701 et
615 1643 709 1700 christi
727 1645 892 1720 martyribus,
910 1645 1041 1716 quomode
1059 1642 1193 1712 apparitor
1211 1641 1244 1694 de
1261 1639 1312 1692 illis

134 1716 321 1772 reclamaverit
338 1722 364 1767 et
381 1730 428 1768 eoa
446 1716 628 1780 nominaverit,
653 1725 680 1770 et
697 1731 713 1769 e
731 1725 830 1783 contra,
849 1714 982 1783 quemodo
1000 1714 1038 1768 illi
1056 1713 1136 1768 iidem
1155 1726 1229 1765 auam
1246 1722 1310 1776 pro-

114 1735 184 1841 lesu
202 1785 307 1856 fuerint,
325 1792 352 1840 et
369 1783 520 1853 prolitentes
537 1786 617 1837 vitam
634 1801 709 1840 auam
725 1784 857 1838 iniverint
908 1816 1304 1840 ..........
1324 1775 1379 1832 243

644 1853 751 1943 Caput
770 1854 823 1920 23.

78 1941 135 1999 ilbi
154 1947 283 2012 narratur,
301 1938 372 2008 quod
390 1952 436 1992 rex
454 1938 630 2007 ngeusibua
655 1949 773 1995 senatum
799 1942 964 1996 renovaverit
981 1947 1008 1994 et
1027 1942 1149 1993 unionem
1176 1936 1308 1989 civitatum

117 2012 248 2075 diviserit,
265 2010 350 2078 primo
367 2011 395 2062 in
406 2008 527 2075 Antiqua,
545 2009 651 2062 tandem
660 2009 734 2065 llova
753 2011 858 2065 civitate
875 2019 994 2064 senatum
1008 2009 1180 2075 constituerit,
1198 2012 1225 2057 et
1243 2018 1308 2072 quo·

118 2079 202 2136 modo
219 2077 438 2146 ileo-Pregeuses
455 2091 489 2127 ex
514 2075 565 2129 boc
595 2080 679 2147 gavisi
698 2079 803 2146 luerint,
833 2088 860 2132 et
878 2079 1021 2132 exultantes
1048 2078 1226 2130 cantaverint:
1263 2072 1313 2124 Pro

120 2153 199 2220 aigne
216 2147 330 2207 laetitme
348 2146 404 2201 dies
421 2144 497 2198 nobis
516 2153 572 2198 crta
585 2156 632 2202 est.
666 2147 731 2202 ltem
755 2148 792 2201 le
809 2149 894 2205 licum
921 2147 1056 2200 laudamus
1074 2154 1125 2202 etc.
1144 2142 1304 2196 decantariut
1327 2138 1380 2194 245

644 2240 753 2329 Oaput
773 2242 825 2310 24.

84 2331 116 2386 ln
136 2341 190 2400 qno
207 2325 361 2396 insinuatur,
385 2325 457 2396 quod
474 2326 591 2382 homines
610 2331 646 2398 pii
670 2339 696 2384 et
710 2328 775 2396 justi
800 2329 888 2397 quiete
906 2329 943 2381 uti
961 2328 1087 2391 volentes,
1115 2328 1184 2381 bene
1202 2323 1306 2377 solvere

121 2398 269 2453 debuerint.
281 2397 346 2449 ltem
365 2395 437 2463 quud
454 2394 561 2462 Passala,
581 2397 653 2520 Ζῖἰιι
672 2408 698 2452 et
715 2397 819 2452 Karbau
836 2405 945 2467 egentes
962 2397 1023 2450 lacti
1041 2397 1145 2461 luerint,
1163 2392 1208 2447 ubi
1225 2401 1312 2444 tamen

124 2472 162 2539 pii
181 2473 209 2519 et
222 2465 285 2532 justi
302 2474 410 2534 propter
427 2464 485 2518 illos
503 2468 589 2534 capita
616 2483 694 2521 avare
712 2469 770 2519 ausi
786 2483 840 2520 non
857 2474 924 2519 sunt.
955 2465 1020 2519 ltem
1038 2473 1159 2518 notantur
1176 2475 1313 2531 personae,

124 2550 194 2606 quae
211 2536 239 2587 iu
257 2532 296 2588 his
314 2535 428 2588 dissidiis
447 2535 480 2586 de
497 2543 589 2588 acuatu
615 2552 746 2605 uunquam
774 2535 953 2599 decesserunt,
981 2534 1085 2588 taudem
1104 2548 1168 2587 vero
1187 2547 1220 2586 ex
1238 2545 1311 2581 men·

123 2609 185 2661 dato
203 2602 417 2724 regioddepcsiti¹
445 2603 480 2654 ad
496 2603 566 2657 nulla
584 2604 692 2658 consilia
710 2606 796 2659 vocati
813 2604 924 2658 luerunt.
960 2601 1032 2669 Quos
1050 2605 1143 2656 iterum
1161 2617 1205 2655 rex
1231 2608 1386 2722 traus-21⁷

122 2673 222 2729 actioni
238 2680 277 2726 tta
298 2675 377 2725 itctc
395 2710 965 2729 ..............
1001 2690 1009 2725 ·.
1046 2707 1311 2730 .......

650 2741 757 2831 Caput
778 2742 831 2809 25.

89 2830 119 2886 ln
138 2845 192 2901 quo
209 2828 365 2899 insinuatur,
396 2827 467 2897 qued
484 2842 531 2883 rex
555 2829 719 2886 admonuerit
735 2830 881 2902 ngenses
900 2826 1000 2882 lleteria
1028 2836 1055 2881 et
1071 2827 1161 2882 liuvae
1179 2826 1260 2896 urbis,
1289 2829 1317 2874 ut

124 2898 368 2955 reconciliationem
386 2912 445 2949 cum
474 2897 594 2952 exulibus
612 2902 710 2963 iueaut,
734 2908 762 2953 et
785 2909 896 2968 quatuor
920 2899 1039 2966 personis
1066 2898 1154 2952 salvus
1173 2896 1317 2948 conductus

124 2972 212 3037 detur,
231 2969 275 3034 qai
292 2965 353 3018 loco
372 2969 488 3019 omnium
511 2968 670 3037 reliquomm
696 2969 730 3023 de
749 2984 815 3039 pace
846 2977 933 3038 agant.
966 2965 1080 3020 'landem
1106 2968 1188 3036 qualis
1206 2965 1273 3017 visio
1292 2963 1318 3010 iu

123 3037 240 3093 aubibus
259 3037 392 3104 signorum
411 3035 574 3103 quomudam
599 3037 676 3090 luerit
702 3037 736 3090 ab
763 3037 910 3092 bominibus
937 3045 1086 3104 conspecta.
1121 3039 1186 3091 Item
1213 3029 1317 3100 quaudo

123 3106 218 3160 exules
229 3105 347 3172 tregam
358 3110 496 3174 venerunt,
515 3105 585 3172 quod
599 3106 658 3158 illos
670 3106 822 3160 sacerdotes
835 3107 1126 3175 excommunicaverint,
1145 3114 1171 3157 et
1184 3099 1316 3172 quomodo

123 3177 151 3229 lri
170 3183 282 3242 quatuor
301 3172 402 3224 salvum
420 3173 578 3227 conductum
596 3175 722 3228 babentes
743 3176 776 3228 de
794 3175 1007 3228 reconciliatione
1026 3175 1127 3242 egerint
1178 3209 1186 3224 .
1223 3210 1230 3223 .
1265 3207 1273 3222 .
1309 3165 1389 3220 .250

652 3239 760 3330 Caput
781 3244 833 3308 26.

93 3330 142 3388 Ubi
160 3330 314 3388 insinuatur,
343 3324 404 3377 dum
424 3330 592 3384 communitas
611 3327 749 3400 Pragansis
774 3331 801 3382 in
825 3331 922 3382 curiam
942 3328 1019 3380 citata
1044 3327 1101 3397 luit,
1130 3333 1158 3379 ut
1181 3326 1214 3379 de
1232 3334 1318 3378 trans·

124 3403 232 3456 actione
251 3414 309 3450 cum
328 3394 557 3470 exulibusagatur‚
576 3412 652 3468 quem
671 3399 811 3452 difficulter
824 3397 923 3452 Passek
936 3405 962 3449 et
974 3396 1048 3464 Zilia
1065 3399 1092 3447 in
1110 3397 1208 3448 curiam
1226 3395 1318 3446 venire

126 3469 250 3542 persuasi
267 3465 370 3547 luerint.
406 3463 520 3546 Tandem
539 3469 629 3551 quales
646 3467 738 3521 literae
756 3484 771 3520 a
789 3466 943 3535 quibusdam
963 3464 1116 3546 proceribus
1133 3464 1319 3580 ¹¹¹.⁰¹¹‘¹³⁰}1“

127 3533 1010 3674 :it?ittittttttttitttialitatttttlimittit
1027 3533 1322 3679 illicitabat.

129 3678 205 3732 sibus
222 3675 316 3726 iterum
335 3669 368 3752 de
386 3673 482 3724 unione
499 3682 587 3744 agant,
614 3687 630 3726 e
655 3684 745 3728 contra
764 3689 831 3743 quae
849 3672 949 3755 Passel
978 3671 1089 3755 adversa
1115 3671 1243 3753 suliragiis
1269 3683 1322 3719 suis

133 3745 227 3800 audire
246 3741 374 3807 debuerat,
391 3747 499 3808 propter
516 3757 584 3811 quae
603 3746 689 3815 capite
707 3753 734 3797 et
752 3742 858 3796 auribus
876 3741 995 3795 demissis
1013 3748 1150 3793 mceaserrt
1167 3748 1219 3794 etc.
1270 3775 1277 3791 .
1316 3775 1324 3791 .
1341 3732 1393 3787 253

654 3810 762 3901 Caput
782 3812 835 3877 27.

95 3903 150 3960 Ubi
168 3900 323 3964 insinuatur,
351 3911 419 3964 quae
436 3895 474 3950 illi
492 3897 583 3951 exules
603 3915 690 3954 coram
712 3899 895 3954 communitate
923 3896 994 3951 urbis
1012 3894 1115 3949 Veteris
1133 3894 1326 3964 proposuerint,

128 3968 208 4042 quale
226 3969 304 4020 etiam
332 3981 486 4036 responsum
502 3981 518 4018 a
536 3970 720 4022 communitate
745 3971 784 4021 eis
802 3968 889 4020 datum
912 3965 999 4034 tuerit,
1025 3964 1096 4035 quod
1123 3965 1160 4017 illi
1178 3962 1284 4026 Passala,
1303 3969 1329 4013 et

134 4040 185 4093 teti
204 4037 261 4103 ejus
279 4035 372 4088 turbae
388 4044 488 4105 gratum
507 4039 597 4090 audire
613 4053 667 4091 uon
685 4037 740 4098 luit,
756 4046 783 4090 et
801 4051 878 4104 quam
890 4037 1000 4090 honeste
1018 4037 1117 4088 eisdem
1130 4035 1210 4087 locuti
1228 4033 1324 4086 luerint
1340 4027 1393 4082 256

662 4103 771 4194 Capul
790 4105 844 4173 28.

93 4197 148 4284 Ubi
166 4193 259 4276 agitur,
279 4190 412 4275 quomodo
429 4189 479 4244 bae
498 4200 610 4260 quatuor
635 4207 766 4262 personae
791 4191 962 4274 adraeuatum
981 4189 1073 4274 liuvae
1100 4189 1171 4245 urbis
1189 4188 1328 4259 Pragcnais

131 4259 662 4400 tertiatatltutttj‘i
680 4258 1179 4382 tttttttitltt'titillet
1197 4258 1329 4381 “utilit

133 4400 284 4473 quaestioni
301 4398 445 4465 subjicitur,
464 4398 584 4467 quisnam
603 4399 705 4470 dignior
722 4397 800 4450 laude
819 4401 861 4466 sit,
880 4414 912 4448 au
930 4397 984 4466 itta,
1005 4399 1051 4466 qui
1069 4398 1136 4450 lurta
1154 4405 1198 4448 aut
1214 4395 1326 4447 homici-

133 4476 176 4527 dia
195 4469 342 4537 committit,
360 4483 393 4519 au
411 4481 475 4519 vero
493 4467 547 4537 ille,
566 4470 707 4537 «potiusve,
724 4469 767 4535 pie
787 4474 813 4519 et
829 4464 941 4533 pacifice
960 4482 989 4519 se
1008 4466 1097 4535 gerit?
1150 4500 1331 4518 .....
1350 4459 1401 4514 259

654 4533 762 4623 Caput
785 4535 837 4599 29.

99 4628 150 4685 Ubi
168 4631 282 4689 notatur,
300 4621 372 4690 quod
390 4622 450 4673 dum
470 4620 589 4674 domiuus
607 4621 712 4675 lliawsa
731 4639 791 4675 cum
809 4620 944 4674 associatis
963 4624 1017 4675 auis
1035 4625 1062 4676 in
1081 4622 1129 4674 bac
1148 4620 1329 4674 communitate

135 4693 308 4750 amicabiliter
324 4691 431 4742 eliicere
449 4691 512 4743 nibil
530 4691 654 4760 potuerit,
666 4691 782 4744 Lincium
792 4691 825 4743 ad
839 4703 929 4759 regem
949 4695 1092 4759 perrexerit
1110 4691 1260 4758 ibidemque
1272 4698 1330 4739 tau·

134 4775 188 4819 tum
207 4762 335 4825 eliecerit,
362 4759 435 4828 quod
449 4775 497 4813 rex
514 4761 634 4814 omnibus
653 4761 772 4814 exulibus
801 4759 901 4813 salvum
921 4760 1077 4813 conductum
1107 4761 1275 4821 concesserit,
1303 4765 1331 4808 ut

134 4835 246 4903 Pragae,
275 4829 425 4896 ubicunque
443 4829 482 4883 eia
511 4830 647 4897 placuerit,
673 4829 828 4884 commorari
845 4829 951 4896 possint
988 4827 1102 4884 Tandem
1132 4827 1333 4884 communitates
