2902 5086
1258 176 1300 251 13

57 338 133 407 'oris
168 343 289 411 oense
323 350 358 409 et
389 344 509 409 mentis
546 341 722 409 solertioris
763 366 828 411 uon
862 344 1085 433 neglexerint,
1119 372 1160 417 ea
1191 354 1301 419 omnia

58 446 66 463 '
87 454 123 513 ta
142 455 274 515 notare.

556 568 704 634 OAPUT
724 571 755 639 3.

62 716 122 777 quo
157 698 262 777 agitur
297 696 335 755 de
356 695 465 756 unione
486 694 629 775 antiquae
650 702 679 755 et
701 714 798 756 novae
819 696 951 759 civitatis
973 698 1139 777 Pragensis
1162 708 1191 761 et
1213 718 1300 765 ccre-

25 781 39 815 '·¹
57 786 182 847 radone
204 784 327 846 Mariae
348 784 453 844 uxoris
473 783 556 862 regis
585 782 738 843 Ludovici
761 789 791 842 et
811 786 914 847 multis
938 785 1013 845 ortis
1034 786 1244 855 incommodis.

10 971 41 1032 tr
83 966 171 1033 Post
191 976 329 1034 mortem
349 971 439 1055 regis
460 968 642 1052 Wladislai,
671 970 860 1057 priusquam
881 968 989 1035 adhuc
1015 992 1077 1037 rex
1098 972 1297 1063 Ludovicue,

10 1041 84 1137 Ἢιε
107 1071 262 1159 quedem
269 1072 452 1155 wladislai,
475 1072 518 1139 ob
533 1081 677 1139 teneram
688 1081 828 1139 aetatem
837 1072 1104 1159 gubernationem
1124 1100 1299 1163 regnorum

10 1190 137 1241 norum
160 1177 369 1263 suscepisset,
392 1186 462 1241 erat
481 1198 587 1243 annus
610 1178 705 1258 1518,
727 1178 836 1243 tunc'
827 1199 863 1241 ιιι
883 1176 983 1245 dieS.
1005 1178 1127 1245 Felicis
1149 1182 1298 1269 ejusdem

10 1282 78 1345 mni
102 1289 308 1345 convocatae
329 1280 461 1345 fuerunt
481 1283 727 1347 communitates
748 1281 901 1367 antiquae
923 1290 956 1345 et
975 1302 1082 1349 novae
1104 1283 1193 1350 urbis
1214 1286 1294 1353 Pra-

10 1385 117 1465 peusis
153 1382 199 1447 ad
221 1383 396 1469 collegium
417 1406 582 1469 maguum,
619 1393 654 1449 et
673 1393 742 1449 tum
764 1386 840 1449 uuio
861 1387 948 1449 inter
978 1384 1052 1451 illas
1074 1388 1237 1472 concluse,
1260 1399 1294 1457 et

10 1500 39 1549 tn
61 1494 219 1574 tempore
240 1487 430 1553 confirmata
451 1508 526 1552 cum
548 1489 693 1554 omnium
714 1509 876 1553 consensu
897 1490 1053 1573 unanimi,
1076 1500 1109 1557 et
1129 1492 1171 1559 de
1191 1492 1296 1561 libera

10 1590 180 1657 uoluntate
202 1590 263 1656 sub
284 1592 400 1677 poenis
420 1613 486 1656 non
508 1593 629 1678 parvis,
651 1592 723 1657 sine
744 1592 833 1658 omni
853 1591 991 1659 aliorum
1012 1593 1179 1661 hominum
1192 1604 1299 1663 exter·

10 1710 119 1761 sorum
145 1694 414 1778 contradictione,
434 1696 482 1761 ita
503 1695 645 1781 quidem,
677 1703 714 1761 ut
746 1718 790 1761 ex
810 1704 947 1783 ubsque
969 1706 1062 1785 parte
1083 1698 1199 1767 barum
1220 1702 1300 1769 civi·

10 1801 109 1867 htum
132 1798 330 1866 donationes
352 1808 385 1865 st
406 1798 580 1887 privilegia
602 1799 645 1865 ab
666 1799 917 1888 imperatoribus
944 1808 977 1865 et
996 1801 1131 1889 regibus
1151 1802 1195 1871 ab
1216 1806 1300 1873 anti·

10 1920 67 1989 quo
90 1924 273 1984 concessa,
308 1905 388 1971 item
417 1926 530 1971 omnes
563 1902 739 1988 libertates,
775 1904 899 1970 frustm
906 1952 917 1988 ,
950 1903 1137 1991 solutiones,
1171 1930 1298 1989 census,

10 2006 129 2075 tributa
151 2008 329 2095 vectigalia
349 2017 383 2074 et
403 2008 484 2077 alios
505 2008 707 2074 ususfructus
729 2008 824 2097 (quos
847 2018 880 2075 et
909 2029 989 2096 quas
1019 2010 1100 2078 alias
1132 2012 1298 2099 quaelibet

10 2110 122 2179 tivitas
146 2113 285 2177 seorsim
306 2134 366 2200 pro
389 2134 447 2178 suo
469 2111 555 2178 bono
577 2135 598 2177 a
617 2111 807 2179 fundatione
841 2123 874 2178 et
911 2117 1074 2182 erectione
1106 2138 1166 2183 sua
1203 2140 1299 2207 isque

10 2214 44 2281 td
66 2215 137 2281 hoc
159 2222 289 2303 tempus
309 2214 474 2302 utebatur)
497 2238 586 2281 nuno
607 2214 775 2282 indivisim
795 2218 831 2283 in
859 2217 983 2285 frucbrs
1017 2242 1093 2287 suos
1114 2228 1243 2287 vertere
1265 2230 1299 2288 et

10 2316 71 2387 illis
93 2321 145 2385 uti
168 2322 307 2408 possint.
348 2319 483 2387 «Iudicia
505 2330 538 2387 et
559 2342 675 2386 causae
691 2321 888 2408 judiciariae
899 2325 1076 2408 civitatum,
1100 2322 1299 2393 etaliaeres

10 2440 121 2489 omnes
145 2423 189 2489 ad
211 2426 476 2491 communitatem
498 2425 697 2511 pertinentes
720 2423 780 2489 sub
802 2424 981 2493 directime
1002 2429 1098 2494 unius
1108 2429 1227 2517 judicii
1234 2478 1245 2514 ,
1267 2437 1301 2495 et

10 2530 105 2595 unius
126 2529 339 2615 magistratum
360 2530 570 2615 imposterum
605 2529 670 2593 siut
698 2536 731 2592 et
759 2538 922 2612 maneant,
956 2539 1054 2618 atque
1075 2532 1197 2597 similes
1219 2531 1293 2598 lites

10 2628 201 2715 judiciariae
223 2640 361 2718 agantur
384 2641 416 2697 et
436 2632 629 2697 dirimantur
660 2639 785 2697 tantum
818 2632 852 2697 in
883 2634 974 2698 curia
1005 2632 1296 2721 antiquo-urbsnsi,

12 2754 186 2825 numquam
207 2736 347 2824 amplius
370 2735 501 2802 divisim
523 2735 647 2821 duplex
668 2736 784 2801 civitas
805 2737 999 2819 nominetur,
1023 2737 1081 2803 sed
1107 2760 1151 2803 ex
1172 2737 1299 2805 duabus

15 2842 104 2907 mica
112 2840 182 2923 fiat,
203 2841 239 2905 in
254 2840 409 2923 moribus,
432 2838 721 2906 consuetudinibus
737 2848 770 2904 et
781 2840 930 2907 omnibus
945 2840 1019 2906 aliis
1032 2841 1298 2911 ordinationibus.

20 2940 118 3023 Quam
154 2966 248 3011 snam
279 2946 492 3010 intentionem
525 2955 558 3009 et
585 2943 795 3027 voluntatem,
833 2968 892 3032 per
922 2945 1157 3033 praecedentes
1179 2947 1298 3015 multos

22 3066 111 3114 tunes
133 3050 314 3136 cupientes,
336 3070 401 3115 non
423 3056 598 3136 potuerunt
617 3049 703 3114 inter
725 3071 761 3113 se
782 3048 826 3115 ad
846 3049 947 3115 finem
968 3048 1090 3116 bonum
1105 3059 1138 3114 et
1148 3050 1299 3119 effectum

25 3152 190 3235 perducere
211 3163 245 3219 et
265 3154 452 3229 convenire,
475 3152 624 3239 quamvis
646 3151 783 3217 multum
806 3152 952 3219 laborem
961 3161 995 3218 et
1007 3161 1159 3219 conatum
1180 3154 1299 3221 adhoc

27 3254 241 3345 impenderint,
263 3256 365 3343 aliqui
388 3258 486 3321 etiam
508 3278 583 3321 cum
604 3279 723 3343 magno
745 3278 804 3322 suo
826 3255 971 3344 periculo
992 3256 1028 3322 id
1049 3257 1207 3345 perficere
1229 3265 1299 3323 ten·

26 3360 128 3428 tabant.
171 3362 282 3450 Atque
302 3360 385 3427 adeo
407 3382 492 3427 anno
525 3371 559 3426 et
586 3360 640 3427 die
674 3382 773 3447 supra
806 3361 934 3448 scriptis
966 3359 1167 3425 felicissimis
1196 3361 1299 3439 (sicut

28 3462 65 3531 illi
78 3465 242 3553 judicant)
266 3465 349 3531 haec
370 3466 447 3530 uuio
468 3464 665 3531 unanimiter
686 3464 810 3551 absque
840 3465 929 3529 omni
960 3463 1096 3530 dissidio
1117 3465 1291 3531 terminata

29 3578 71 3635 est
109 3569 162 3635 Ab
185 3569 265 3635 inde
287 3568 491 3635 discedentes
513 3578 742 3657 processerunt
762 3567 987 3634 adecclesiam
1006 3567 1072 3634 Dei
1084 3568 1198 3633 Matris
1210 3568 1295 3656 Tep-

28 3690 151 3757 ueusem,
173 3674 266 3739 etTe
280 3674 389 3739 Deum
411 3674 581 3740 laudamus
603 3674 824 3757 decantarunt,
846 3672 972 3739 viribus
994 3674 1061 3739 suis
1083 3672 1295 3739 confidentes.

29 3770 94 3843 Illud
115 3788 218 3846 totum
239 3780 274 3845 in
297 3779 360 3845 hoc
380 3778 465 3846 libro
486 3780 631 3867 reperies
649 3781 746 3866 juxta
767 3778 913 3844 ordinem
936 3778 1086 3865 positum·
1130 3775 1252 3841 Verum
1268 3776 1298 3841 si

30 3882 161 3947 omuibus
182 3881 304 3965 debite,
327 3881 475 3948 ordinate
499 3892 531 3947 et
552 3882 729 3968 prudenter
749 3883 801 3947 usi
830 3882 978 3963 fuissent,
1011 3902 1086 3946 cum
1120 3878 1240 3946 debitis
1262 3886 1296 3945 et

27 3981 104 4066 justis
124 3989 243 4065 causis,
266 3985 308 4052 ob
330 4008 411 4075 quas
443 3986 524 4053 baec
556 3987 633 4051 uuio
663 3986 749 4051 facta
783 3995 851 4069 est,
882 3984 974 4051 labor
1005 3984 1061 4049 ille
1083 3992 1117 4049 et
1136 3982 1298 4051 industris

30 4082 132 4155 linior
152 4099 186 4157 ct
207 4093 407 4157 constantior
427 4091 553 4156 fuisset.

93 4194 223 4261 Deinde
244 4217 330 4261 anno
353 4196 446 4263 1522.
476 4194 530 4261 die
553 4192 693 4260 Veneris
722 4206 796 4280 post
824 4192 996 4259 dimidium
1028 4190 1298 4281 quadragesimae

28 4300 238 4365 transimus
269 4302 422 4388 princeps
455 4300 604 4365 dominus
641 4296 791 4362 dominus
823 4296 1012 4363 Ludovicus
1041 4294 1231 4383 Hungariae
1266 4302 1300 4361 et

26 4394 188 4469 Bobemiae
209 4426 281 4487 rex,
302 4413 477 4494 postquam
493 4406 574 4491 jam,
596 4410 708 4488 utpote
729 4422 827 4466 verus
849 4400 964 4466 haeres
987 4400 1157 4487 patrissui
1178 4398 1298 4487 guber·

23 4506 174 4573 nationem
196 4510 322 4595 regiam
343 4510 379 4573 in
401 4530 503 4593 reguo
525 4506 714 4590 Hungariae
748 4504 961 4591 suscepisset,
993 4513 1026 4570 et
1055 4502 1299 4569 serenissimam

24 4610 197 4700 principem
220 4620 254 4677 et
275 4611 441 4678 dominam
462 4612 628 4678 dominam
648 4608 786 4673 Mariam
817 4606 918 4674 filiam
942 4604 1088 4697 Philippi
1107 4603 1197 4693 regis
1218 4605 1295 4671 His·

18 4716 146 4800 paniae,
178 4738 322 4785 sororem
355 4717 519 4805 propriam
547 4713 749 4781 Fordinandi
780 4711 967 4780 archidueis
999 4709 1154 4779 Ananiae
1183 4730 1298 4799 supra·
