2946 5086
1298 174 1364 246 288

72 351 183 417 rentia
204 373 314 418 rerum
344 351 599 419 necessariarum
620 349 813 436 laborantes,
834 350 931 418 facile
950 350 986 416 in
1019 348 1155 415 exitium
1185 347 1365 439 perducere

77 464 278 543 potuerunt,
300 456 362 523 boc
399 456 495 523 modo
517 458 626 544 itaque
648 477 683 521 se
705 456 746 522 ab
767 456 917 539 inimicis,
941 452 1105 520 civitatem
1126 451 1171 519 ab
1193 475 1361 544 expugna·
1437 499 1440 510 ·

73 561 176 644 tione,
201 569 233 624 et
255 559 383 626 Italiam
405 583 425 625 a
448 559 598 647 gentibus
621 559 735 625 alienis
757 559 896 625 liberare
916 555 1083 624 valebunt.

161 663 225 729 His
248 672 281 729 et
302 665 375 729 aliis
405 665 564 731 similibus
600 663 875 731 adhortationibus
897 663 1044 750 persuasi
1076 660 1217 728 Romani
1239 669 1273 728 et
1293 664 1362 730 ani·

73 770 153 834 mati
174 790 234 856 pro
255 769 369 855 patria,
403 790 461 856 pro
486 769 572 835 Sede
593 769 772 857 apostolica
795 776 827 834 et
850 766 943 833 simul
976 763 1119 854 probae
1142 771 1365 836 suanecessi·

75 881 143 937 tate
165 871 280 936 ultima
312 873 422 938 omnia
456 874 573 962 exequi
605 873 832 963 promiserunt.
875 871 966 957 Papa
1000 868 1130 933 demum
1150 868 1216 935 illis
1239 873 1362 956 gratias

75 998 179 1063 agens
211 975 385 1064 spopondit
418 999 453 1041 se
486 977 573 1064 apud
607 977 739 1044 eosdem
774 995 1029 1065 permansurum,
1060 979 1093 1037 et
1122 973 1151 1037 si
1187 977 1364 1044 necessitas

75 1081 176 1146 fuerit
198 1102 235 1144 se
254 1080 340 1145 velle
363 1103 461 1146 manu
484 1103 542 1147 sua
573 1104 632 1170 pro
654 1081 720 1148 illis
741 1101 896 1169 pugnare.
939 1076 1083 1144 Oonfidit
1103 1097 1181 1142 vero
1203 1080 1360 1175 pontifex,

74 1184 162 1273 quod
186 1184 363 1250 auxiliante
400 1186 520 1274 populo
542 1186 687 1252 Romano
709 1208 782 1251 oum
816 1185 889 1250 aliis
911 1183 1053 1271 quinque
1075 1179 1217 1246 millibus
1240 1185 1360 1271 optime

73 1311 185 1355 muros
201 1289 365 1356 Romanos
388 1290 549 1374 defendet,
573 1292 671 1356 etita
692 1290 847 1379 populum
868 1289 1069 1354 incessanter
1091 1283 1301 1372 confortabat,
1324 1297 1356 1356 et

74 1415 149 1458 cum
172 1392 401 1477 cardinalibus,
434 1394 589 1480 praelatis
618 1404 650 1459 et
685 1393 836 1460 omnibus
865 1390 929 1458 sibi
951 1387 1260 1478 appertinentibus
1250 1416 1286 1461 ιιι
1306 1414 1362 1483 pa*

74 1497 157 1563 latio
181 1496 388 1565 adventum
378 1499 582 1565 mimicorum
605 1498 830 1588 exspectabat

586 1741 733 1811 OAPUT
756 1743 806 1811 18.
888 1790 892 1810 2

69 1935 135 1997 Ubi
161 1935 352 2010 describitur,
375 1938 520 2013 quomode
541 1939 691 2002 exercitus
714 1958 870 2002 caesareus
882 1939 1008 2004 Romam
1018 1945 1245 2025 oppugnaverit
1267 1932 1354 2028 Papa

69 2043 149 2084 vero
173 2031 202 2082 et
225 2026 392 2085 cardinales
413 2024 555 2104 fugerint,
579 2036 608 2087 et
641 2038 784 2141 quantum
817 2029 947 2106 praedae
982 2029 1096 2092 ibidem
1129 2034 1354 2110 acquisiverint.

165 2207 384 2276 Caesareus
374 2212 474 2298 igitur
436 2213 666 2279 urexercitus
700 2212 777 2279 dum
806 2215 918 2301 quinta
939 2213 992 2281 die
1024 2217 1145 2284 mensis
1167 2219 1247 2308 Maji
1279 2221 1356 2287 anni

70 2315 160 2382 1525
171 2314 286 2402 (1527)
297 2314 340 2380 ed
361 2326 510 2383 octavum
528 2317 630 2384 ferme
648 2316 818 2406 lapidema
829 2319 960 2386 civitate
975 2323 1189 2407 pervenisset,
1213 2345 1291 2389 mox
1302 2346 1362 2412 per

70 2420 205 2486 nuntios
227 2429 374 2486 senatum
395 2430 427 2487 et
447 2422 602 2510 populum
622 2423 801 2489 Romanum
836 2423 1063 2509 salutaverunt,
1095 2436 1127 2493 et
1156 2429 1241 2493 mire
1268 2450 1361 2514 roga·

71 2532 202 2607 verunt,
224 2535 260 2590 ut
279 2547 314 2591 se
335 2525 433 2592 rebus
455 2527 625 2616 papalibus
640 2550 706 2594 non
728 2529 933 2594 immisceant
954 2538 986 2594 et
999 2529 1203 2596 inimieorum
1214 2541 1362 2598 naturam

73 2628 290 2708 considerent,
324 2630 411 2720 quod
431 2653 550 2719 nempe
580 2642 693 2701 centra
715 2633 839 2722 Papam
862 2632 922 2723 (ita
942 2633 1126 2723 loquentes)
1157 2634 1361 2720 advenerint,

73 2763 150 2806 cum
160 2738 312 2803 Romanis
334 2736 450 2826 incolis
469 2758 558 2820 vero,
582 2739 610 2804 si
626 2729 760 2826 ‘ipsimet
772 2738 914 2803 Romani
936 2737 1109 2822 voluerint,
1131 2739 1307 2806 amicitiem
1328 2748 1363 2806 et

74 2866 191 2934 pacem
213 2843 352 2909 libenter
374 2863 566 2909 conservare
588 2843 721 2910 vellent.
742 2843 881 2910 Romani
902 2864 980 2910 vero
1002 2844 1250 2932 responderunt,
1272 2842 1360 2932 quod

74 2972 135 3038 pro
156 2950 271 3037 patria,
293 2948 385 3035 Papa
407 2955 441 3012 et
462 2945 540 3011 sede
562 2946 741 3034 apostoliea
765 2969 912 3036 pugnare
944 2947 1055 3034 velint,
1088 2949 1228 3038 ideoque
1249 2949 1361 3016 admo·

76 3062 184 3136 neant,
216 3075 258 3118 ne
280 3053 445 3118 civitatem
474 3050 712 3136 aggrediantur.
747 3050 800 3118 Ab
824 3052 886 3118 hoe
921 3074 1000 3120 vero
1028 3075 1185 3144 responso
1219 3054 1361 3121 caesaris

76 3159 239 3225 exercitus
261 3156 433 3242 benignior
455 3155 588 3221 effectus
610 3177 677 3221 non
699 3155 770 3232 fuit,
790 3155 849 3221 sed
870 3155 931 3222 hoo
942 3178 1078 3245 vespere
1099 3167 1175 3224 ante
1196 3159 1362 3227 civitatem

75 3264 295 3354 perstiterunt,
323 3260 450 3326 fervore
479 3270 512 3325 et
533 3260 687 3348 cupidine
718 3260 859 3341 accensi,
893 3260 1058 3327 civitatem
1080 3261 1298 3349 oppugnandi,
1330 3270 1364 3328 et

78 3390 153 3434 cum
184 3388 247 3432 nec
278 3372 456 3447 tormenta,
490 3363 607 3451 quibus
639 3385 748 3428 muros
785 3361 933 3446 diruant,
963 3386 1025 3432 nec
1046 3365 1161 3448 scalas,
1191 3387 1251 3455 per
1282 3386 1362 3454 quaa

74 3471 262 3553 ascendant,
297 3469 477 3548 habuerint,
506 3469 742 3551 concluserunt,
774 3475 810 3533 ut
839 3471 1038 3554 oppugnatio
1072 3478 1104 3536 et
1125 3469 1292 3537 conflictus
1325 3472 1361 3537 in

73 3580 209 3644 alteram
231 3574 318 3640 diem
339 3573 538 3656 differantur,
567 3573 705 3662 ideoque
726 3571 783 3639 illa
809 3581 904 3638 nocte
925 3595 1077 3661 magnam
1109 3576 1235 3663 copiam
1259 3573 1360 3643 scalae

72 3705 146 3749 rum
169 3679 384 3747 confecerunt.

159 3784 273 3851 Altera
293 3784 347 3850 die
368 3805 463 3850 mane
484 3789 560 3849 ante
592 3782 669 3850 solis
704 3791 817 3865 ortum,
849 3803 931 3870 quae
964 3780 1025 3849 fuit
1053 3783 1085 3853 6.
1117 3783 1196 3871 Maji
1225 3783 1362 3872 Hispani

71 3892 175 3959 alacri
206 3899 323 3974 mente,
364 3899 397 3955 et
427 3890 562 3955 nimium
595 3890 687 3977 quasi
724 3889 766 3954 ad
800 3887 922 3953 similes
958 3895 1049 3955 actus
1081 3889 1232 3977 prompti,
1265 3910 1359 3976 praee

69 4017 210 4087 propere
239 3995 428 4083 arripientes
451 3993 555 4059 scalae
588 3993 631 4060 ad
652 4015 761 4059 muros
784 3993 993 4076 acclinarunt,
1016 4000 1133 4083 etque
1165 3993 1237 4082 quis
1269 3993 1358 4061 relo-

69 4107 140 4171 cius
163 4112 298 4193 poterat,
320 4104 392 4169 illos
415 4101 592 4168 ascendere
628 4101 815 4194 conabatur,
848 4111 881 4166 et
913 4109 981 4166 tum
1010 4099 1237 4166 serenissimus
1272 4099 1361 4190 prin·

72 4233 152 4297 ceps
185 4208 406 4274 Burbonensis
440 4207 596 4272 antedicti
625 4207 784 4272 exercitus
818 4205 1005 4293 capitaneus
1038 4212 1072 4270 et
1104 4224 1274 4269 macareus
1314 4202 1360 4289 lo·

72 4324 261 4383 eumtenens
284 4313 436 4380 notabilis
458 4315 492 4379 in
525 4313 619 4378 Italia
640 4331 719 4399 prae
741 4310 889 4376 omnibus
912 4309 984 4376 aliis
1006 4309 1110 4375 scalas
1137 4305 1293 4390 ascendit,
1327 4314 1360 4375 et

70 4441 246 4510 percussus
268 4417 364 4506 globo
385 4417 536 4483 tormenti
556 4416 719 4482 Mozkwet
750 4414 907 4480 nominati
941 4412 1082 4481 concidit
1126 4422 1159 4478 et
1188 4412 1274 4479 intra
1294 4434 1360 4481 me·

71 4530 147 4596 diae
167 4527 268 4592 horae
300 4526 438 4613 spatium
469 4531 601 4613 peraeta
634 4521 839 4588 confessione
876 4542 1005 4586 suerum
1036 4528 1241 4608 peccatorum
1279 4544 1362 4589 mon

72 4646 148 4703 tuus
171 4642 237 4712 est;
259 4653 323 4720 quo
359 4652 436 4697 casu
457 4628 576 4696 milites
598 4629 742 4694 caesarei
763 4626 936 4714 (aquibus
957 4624 1054 4694 valde
1075 4624 1256 4715 amabatur)
1286 4650 1362 4696 eon·

70 4741 341 4828 dolentiamagna
351 4738 502 4809 concitati
513 4736 711 4808 acerbiorem
721 4758 863 4828 pugnam
876 4737 1026 4823 inierunt,
1038 4736 1085 4805 ita
1102 4736 1190 4829 qued
1210 4735 1287 4807 dum
1301 4756 1362 4826 per
