2902 5086
92 144 137 213 26

87 316 244 404 Virginis,
288 312 534 382 resurrectionis
569 316 701 401 Christi,
735 323 769 381 et
795 317 830 381 in
863 313 990 383 coelum
1031 314 1249 398 ascensionis,
1282 144 1364 415 pud

86 431 192 488 costes
226 442 283 485 seu
315 419 455 507 Spiritus
490 418 603 485 Sancti
647 421 822 498 missionis,
864 417 1005 485 Sanctae
1038 418 1224 502 Trinitatis,
1245 414 1364 764 ιιι-Ξ

87 522 219 606 christi,
241 525 276 588 in
298 522 425 588 coelum
446 524 677 610 assumptionis
698 522 844 609 Virginis
866 522 1000 601 Mariae,
1023 522 1228 607 angelorum,
1250 543 1270 588 o
1321 520 1329 539 '

85 635 279 710 sanctorum,
302 627 385 692 festa
407 627 635 713 apostolorum,
660 647 743 713 quae
764 626 1009 691 fundamentum
1051 628 1088 691 in
1110 648 1206 693 mora
1233 626 1296 693 scri
1344 700 1349 711 ,

85 732 227 814 habent,
262 731 297 795 S.
329 730 467 796 Joannis
498 731 672 817 baptistae,
712 729 837 795 Mariae
870 728 1097 815 Magdalsnae,
1131 730 1167 797 S.
1205 724 1364 811 Lauronfl,

84 837 233 923 magistri
253 834 390 900 Joannis
413 834 519 917 Husii,
545 842 577 899 et
598 834 734 899 aliorum
755 833 933 899 Bohemiae
965 833 1163 919 haeredum,
1197 833 1262 899 alia
1279 838 1364 915 autu¹

82 941 168 1007 festa
189 938 305 1005 diebus
327 937 499 1003 dominicis
523 938 770 1003 commemorari
807 944 953 1023 possunt,
987 945 1020 1001 et
1053 936 1117 1003 hoc
1148 936 1234 1019 ideo,
1262 956 1301 1001 ne
1322 932 1364 1024 lt}

85 1046 192 1109 mines
214 1040 330 1108 diebus
352 1040 477 1107 feriatis
512 1043 780 1106 sustentationem
803 1062 894 1106 suam
917 1048 951 1105 et
971 1039 1102 1106 labores
1135 1039 1308 1127 negligant,
1332 1042 1364 1128 dl

83 1172 143 1237 per
164 1149 263 1213 otium
285 1168 416 1211 causam
437 1144 597 1232 peccandi
636 1167 702 1210 non
724 1152 856 1232 ponant,
891 1146 939 1209 sic
969 1152 1001 1210 et
1022 1142 1127 1211 multa
1147 1142 1235 1209 mala
1265 1130 1364 1213 ovim

82 1254 218 1340 possint
262 1251 422 1315 Dominus
447 1249 540 1314 Deus
563 1247 627 1331 det,
664 1257 701 1314 ut
721 1249 756 1313 hi
777 1247 936 1315 articuli
927 1271 962 1313 m
983 1248 1076 1313 initio
1107 1248 1175 1313 sint
1204 1264 1263 1335 pro
1288 1242 1364 1327 hom,-

82 1353 117 1421 in
139 1354 297 1421 Bohemia
318 1374 378 1439 pro
399 1352 507 1417 medio
532 1351 668 1434 meliori,
692 1360 725 1417 et
747 1351 790 1417 ad
812 1350 964 1418 ultimum
985 1373 1044 1440 pro
1066 1351 1133 1417 fine
1156 1350 1319 1438 exquisito.

1016 1456 1198 1543 Hucusque
1217 1454 1296 1521 linis

174 1661 341 1729 Articulos
364 1659 439 1727 illos
473 1662 569 1749 hujus
592 1671 770 1729 conventus
793 1660 907 1729 Gallus
938 1657 1086 1725 Onahera
1106 1656 1225 1745 dictus,
1246 1669 1358 1751 pmcn

85 1770 212 1835 futurus
239 1767 481 1833 administrator
512 1768 584 1852 ipse
608 1766 810 1853 conscripsit,
845 1773 877 1830 et
898 1762 1032 1829 aliunde
1053 1767 1232 1853 excerpsit,
1252 1766 1356 1833 stuta

83 1873 149 1939 ulia
174 1871 214 1936 ad
241 1870 496 1936 confirmandum
516 1870 635 1953 intulit,
656 1871 743 1935 inter
765 1892 845 1957 quos
866 1867 1019 1935 articulos
1048 1869 1148 1933 etiam
1180 1869 1300 1959 aliquos
1315 1868 1355 1933 'nn-

88 1978 196 2065 posuit
225 1977 303 2040 satis
333 1974 607 2056 inconvenientes,
638 1975 829 2061 praesertim
861 1974 969 2054 istum,
1003 1970 1081 2036 dum
1111 1973 1245 2039 efficere
1269 1970 1356 2045 volnt,

85 2090 122 2146 ut
144 2080 256 2144 clerici
284 2081 520 2144 matrimonium
552 2079 673 2154 ineant,
709 2076 766 2142 sed
800 2075 842 2141 ah
874 2075 947 2141 ahie
977 2073 1145 2143 disuasum
1179 2076 1250 2159 trit,
1279 2076 1357 2141 itaut

84 2205 153 2249 non
173 2183 294 2247 suerint
328 2181 499 2269 approbati
533 2191 565 2244 et
599 2183 749 2268 suscepti
796 2180 924 2247 Deinde
956 2183 1095 2269 ipsemet
1124 2181 1160 2245 in
1192 2178 1358 2247 conruit·

86 2286 196 2352 omnia
218 2285 337 2368 docuit,
359 2307 484 2372 negans
496 2285 577 2349 haec
592 2293 625 2349 et
644 2285 709 2351 alia
730 2284 840 2350 verbis
859 2294 892 2351 et
914 2306 1021 2372 opere,
1053 2306 1217 2351 excusans
1233 2304 1277 2367 so,
1297 2274 1358 2371 qnol

84 2390 153 2468 illa,
176 2412 259 2477 quae
293 2392 369 2476 egit,
402 2390 518 2456 aliis
508 2412 543 2454 ιιι
564 2388 802 2477 heneplacitum
836 2399 869 2454 et
889 2390 1035 2455 favorem
1056 2409 1156 2475 agere
1178 2397 1212 2455 et
1240 2382 1357 2461 consch-

85 2493 163 2560 here
187 2495 345 2577 debuerit,
369 2494 429 2559 sed
453 2517 526 2558 cum
548 2493 599 2559 his
624 2495 734 2577 tacuit,
758 2493 875 2581 quod
866 2516 937 2582 1pse
958 2494 1107 2571 voluerit,
1130 2500 1167 2558 ut
1180 2492 1291 2559 clerici
1307 2506 1357 2555 mv

84 2601 271 2665 trimonium
308 2601 429 2682 ineant,
466 2600 551 2663 sicut
572 2600 711 2685 ipsemet
738 2598 820 2663 illud
853 2607 1011 2665 stentare
1031 2598 1136 2664 voluit
1157 2619 1268 2663 coram
1287 2594 1359 2670 cleo,

85 2713 119 2768 et
139 2725 276 2768 uxorem
307 2702 436 2785 ducere,
471 2701 557 2788 quod
590 2710 697 2767 autem
728 2703 778 2767 illi
817 2725 882 2768 non
916 2705 1083 2785 successit,
1106 2700 1166 2767 sed
1188 2702 1292 2787 primo
1309 2697 1360 2784 jan

86 2805 239 2871 sacerdos
275 2806 429 2888 existens,
461 2806 623 2870 fortunam
653 2806 820 2872 meliorem
855 2808 1025 2893 quaesivit,
1063 2814 1100 2869 ut
1129 2803 1213 2869 illud
1241 2800 1361 2869 obtuso

86 2910 200 2998 possit,
224 2908 311 2995 quod
332 2919 428 2975 antea
451 2909 612 2996 cupiebat,
635 2918 667 2973 et
688 2910 734 2974 ita
754 2909 874 2973 redivit
895 2911 937 2974 ad
958 2910 1115 2976 vomitum
1132 2928 1248 2991 suum3
1273 2911 1362 2969 noua

88 3014 174 3077 enim
196 3011 279 3077 haec
302 3021 352 3077 est
373 3013 605 3100 prophetarum
626 3013 792 3096 falsorum,
814 3015 870 3098 qui
891 3035 951 3101 pro
973 3014 1112 3102 pecunia
1134 3012 1246 3078 omnia
1276 3008 1362 3095 agani

85 3125 244 3202 negantes
277 3139 356 3183 vera
389 3126 422 3182 et
454 3117 496 3181 ad
529 3116 611 3183 falsa
643 3140 679 3183 se
711 3125 946 3183 convertentes.
991 3116 1048 3183 Sic
1080 3115 1179 3181 etiam
1210 3114 1279 3201 egit
1308 3112 1362 3177 ιιι

90 3218 275 3307 quindecim
314 3241 415 3285 annos
448 3222 604 3306 magister
636 3220 797 3307 Georgius
830 3219 949 3285 Sovvka
992 3218 1251 3300 Ohrudimensis,
1283 3212 1363 3281 abb·

94 3323 257 3410 quondam
277 3325 466 3388 monasterii
489 3324 683 3390 Slowanesis
704 3325 740 3389 in
761 3345 847 3389 nova
857 3325 989 3389 civitate
1006 3323 1174 3409 Pragensi,
1205 3322 1262 3409 qui
1275 3319 1364 3387 dous

87 3434 119 3490 et
156 3426 307 3491 sacerdos
340 3428 484 3491 existens
518 3427 664 3492 defendit
692 3428 863 3492 veritatem
893 3427 1134 3492 communionis
1171 3424 1317 3512 corporis
1343 3420 1364 3481 sl

93 3532 261 3615 sanguinis
295 3529 418 3597 Christi
451 3531 510 3598 sub
539 3541 675 3620 utraque
708 3533 828 3622 specie,
862 3530 994 3596 tandem
1016 3529 1238 3617 complacens
1260 3520 1364 3609 nihil!

86 3632 209 3698 honoro
231 3632 402 3717 mundano,
426 3637 486 3702 ivit
508 3635 744 3701 Olomucium'
734 3658 772 3700 m
792 3635 973 3702 Moravism
993 3635 1079 3700 inter
1099 3633 1269 3699 Romarm
1308 3618 1364 3695 hdfl'

87 3736 311 3820 adhaerentes,
342 3760 416 3803 oum
445 3738 563 3826 quibus
586 3738 777 3805 cohabitans
809 3740 979 3806 veritatem
1001 3738 1139 3825 primam
1160 3730 1364 3823 abnegasti

85 3842 281 3905 contrarium
315 3840 434 3908 docuit.
481 3843 573 3907 Deus
606 3851 714 3908 autem
746 3845 899 3932 injuriam
922 3843 1007 3908 hanc
1029 3840 1249 3927 conspiciens,
1283 3832 1364 3903 suth

84 3942 222 4008 immisit
245 3965 341 4030 super
375 3944 513 4010 eundem
543 3947 695 4011 miseram
728 3956 760 4012 et
791 3947 1056 4013 contumeliosam
1089 3952 1238 4011 mortem.
1291 3938 1364 4005 (litt¹

85 4045 170 4112 huno
196 4049 292 4113 etiam
327 4069 450 4133 omem,
474 4048 604 4116 Gallum
625 4051 765 4132 nomine,
788 4059 904 4116 ventus
928 4051 1002 4116 talis
1024 4056 1168 4136 gyratsu,
1199 4045 1284 4111 siout
1303 4038 1364 4109 ints

84 4151 240 4219 audietur.
285 4149 373 4233 Quid
394 4150 525 4218 tandem
557 4153 700 4220 futurum
733 4155 785 4236 sit,
818 4153 910 4218 Deus
932 4155 1071 4242 ipsemet
1105 4149 1247 4233 noverit,
1279 4144 1364 4213 varis

85 4254 170 4319 enim
192 4278 317 4344 poenae
339 4278 360 4321 a
380 4258 453 4323 Deo
477 4280 575 4345 super
596 4260 678 4325 talos
701 4256 886 4343 hansfugas
921 4256 1035 4321 venire
1069 4254 1184 4323 solent
1227 4251 1364 4339 Tempor

87 4368 265 4424 conventus
287 4357 375 4424 illius
398 4381 510 4428 omnes
532 4370 598 4428 tres
622 4370 723 4428 status
746 4359 977 4427 confirmarunt
1009 4381 1084 4426 eum
1117 4360 1154 4425 in
1178 4354 1364 4423 cummim

85 4465 187 4523 torem
210 4462 399 4547 periectuni,
434 4463 476 4529 ob
498 4467 591 4554 cujus
613 4467 702 4533 vitae
723 4463 857 4530 modum
888 4486 963 4531 eum
996 4484 1094 4529 nosse
1116 4461 1253 4549 dignum
1273 4462 1364 4539 est*

84 4561 142 4629 ubi
165 4582 200 4627 se
223 4568 349 4632 occasio
372 4568 535 4654 obtulerit,
558 4571 645 4657 quod
667 4577 791 4637 rectum
814 4580 864 4635 eet
894 4580 927 4635 et
953 4568 1138 4637 hominibus
1164 4571 1287 4651 noum,
1307 4568 1364 4633 mi

80 4666 184 4743 ,ficare
206 4685 271 4732 non
293 4669 513 4737 intermittam.
