2946 5086
61 164 153 277 ,82

109 337 267 418 daverint,
290 345 322 402 et
353 336 429 421 alia,
453 361 536 426 quae
558 339 666 405 omnia
686 339 786 406 fassio
823 361 989 407 servorum
1012 342 1174 439 continet3
1207 364 1289 432 quae
1307 366 1370 411 vero

106 432 235 527 ve'speri
258 440 418 506 dielunae
431 452 506 508 ante
529 443 616 510 diem
638 442 672 510 S.
693 444 861 511 Laurentii
884 444 971 511 facta
993 447 1068 531 sint,
1090 446 1294 515 illudfassio
1311 447 1367 513 ille·

107 566 190 626 rum,
215 545 270 631 qui
292 547 369 610 terti
390 546 530 634 fuerunt,
554 550 713 634 continet3
735 549 786 615 illi
807 573 898 635 vero,
919 553 975 638 qui
1004 542 1186 638 signa'sibi
1222 552 1373 638 dederunt,

107 647 141 713 hi
167 649 382 736 personaliter
403 651 568 718 adstantes
592 652 772 719 edixerunt.

131 810 134 815 .
190 756 289 843 Item;
313 756 391 847 quid
410 766 490 824 vero
510 757 559 822 illi
581 759 706 824 erronei
738 757 884 824 homines
917 768 950 824 et
966 760 1106 827 'sectarii
1126 760 1265 849 perinde
1285 762 1373 828 effice-

104 886 140 929 re
162 863 331 947 voluerint,
355 862 490 950 quilibet
513 862 576 929 sibi
596 863 693 929 facile
714 864 885 949 imaginari
897 867 1023 952 poterit,
1047 865 1135 954 quod
1158 868 1371 935 nosveluen'nt

103 971 138 1035 in
160 968 240 1035 haec
261 968 425 1049 inducere,
449 967 490 1033 ad
513 989 629 1055 quaes
651 967 717 1033 Sua
734 968 837 1055 Regia
859 969 1028 1056 Majestate
1050 966 1183 1037 domine
1197 982 1371 1060 nostrogra·

104 1077 278 1142 tiosissimo
300 1097 366 1141 non
387 1073 505 1138 luimus
522 1072 674 1159 obligati3
696 1095 772 1138 nam
794 1074 857 1140 hoc
868 1074 1044 1141 defendere
1054 1076 1290 1163 voluerunt,ut
1298 1099 1369 1165 pere-

102 1182 196 1267 grina
209 1180 361 1268 dogmata
383 1200 476 1243 suum
498 1177 639 1244 habeant
671 1199 893 1266 progressum,
932 1181 1018 1267 quod
1050 1189 1161 1247 autem
1193 1183 1261 1250 Sua
1288 1183 1368 1268 Regia

100 1285 255 1375 Msjestas
288 1308 353 1352 nen
383 1285 515 1370 dignata
536 1284 596 1349 fuit
628 1283 798 1372 spondere,
833 1294 865 1350 et
897 1285 942 1350 ita
963 1308 1075 1373 regem
1097 1295 1245 1353 noenum
1274 1289 1366 1374 gratio

102 1391 265 1457 sissimum
288 1387 423 1455 anobis
446 1396 593 1454 avertere
614 1386 802 1455 voluerunt·
837 1389 877 1453 In
899 1412 994 1477 quem
1016 1390 1115 1457 finem
1137 1414 1232 1477 vero,
1253 1379 1302 1459 sel
1318 1413 1364 1478 qua

100 1494 142 1560 de
164 1518 262 1561 causa
283 1495 345 1560 hoc
366 1493 495 1558 efficere
517 1491 685 1575 voluerint,
708 1491 775 1558 Sua
806 1492 911 1579 Regia
939 1493 1096 1582 Majestas
1117 1518 1194 1562 cum
1224 1496 1365 1565 serenissi-

100 1623 154 1666 mo
175 1601 322 1689 principe
343 1606 375 1685 et
396 1597 468 1662 aliis
491 1596 690 1685 sapientibus
707 1597 898 1663 consiliariis
910 1598 973 1664 hec
981 1600 1189 1668 considerare
1201 1611 1234 1667 et
1253 1622 1364 1691 perpen-

99 1705 176 1771 dere
208 1703 403 1792 dignabitur.
426 1701 498 1767 Hoc
520 1700 733 1767 demonstrari
755 1711 860 1789 potest
881 1703 915 1766 in
932 1704 1077 1788 veritate,
1102 1704 1190 1792 quod
1212 1706 1247 1769 in
1266 1703 1363 1770 ultimis

98 1810 201 1875 literis
223 1810 265 1874 ad
288 1809 384 1875 Suam
407 1806 542 1894 Regiam
563 1807 768 1897 Majestatem
790 1807 1050 1874 nullamberum
1072 1811 1274 1879 mentionem
1298 1811 1366 1876 fece·

1 1964 2 1968 ,
98 1915 183 1999 rint3
206 1914 287 1980 haec
309 1934 387 1980 vero
407 1914 618 2000 scripserunt,
640 1910 786 1978 volentes
809 1933 868 1979 sua
888 1912 962 1977 aliis
999 1912 1196 1982 obumbrare
1218 1914 1365 1995 coloribus,

97 2019 183 2106 quod
205 2018 291 2084 Suae
314 2017 487 2084 Serenitati
518 2016 657 2084 fideliter
687 2016 864 2083 adhaerere
885 2006 996 2102 velint,
1033 2040 1117 2106 quae
1138 2043 1199 2087 nes
1221 2041 1366 2110 negamus,

97 2138 130 2187 et
150 2143 259 2189 eoram
295 2122 475 2188 Serenitate
496 2121 570 2189 Sua·
585 2121 620 2187 id
641 2121 779 2209 probare
801 2123 905 2208 parati
929 2144 1047 2189 sumus.
1069 2122 1157 2199 Illud
1174 2125 1288 2213 {nobis
1307 2123 1368 2191 insi·

95 2230 209 2295 nuavit
231 2229 402 2294 diversitas
423 2228 525 2312 haec;
549 2225 636 2314 quod
658 2227 802 2293 efficium
843 2228 1023 2299 sacerdotis
1060 2240 1216 2317 assumat,
1257 2233 1368 2320 quicun-

98 2355 161 2421 que
182 2334 261 2418 vult,
284 2342 317 2398 et
338 2335 434 2400 etiam
457 2341 634 2412 aversetur,
658 2333 711 2420 qui
748 2332 842 2417 vult3
867 2333 953 2399 inter
974 2342 1103 2400 nostros
1127 2337 1217 2400 enim
1248 2337 1370 2402 incarce

97 2447 184 2505 ratos
206 2461 306 2505 unum
327 2437 485 2504 habemus
506 2438 615 2521 talem,
640 2439 735 2525 quod⁴
748 2425 900 2526 ipsemet·
917 2437 1005 2505 domi
1027 2461 1105 2505 suae
1136 2441 1369 2522 consecraverit,

96 2543 302 2633 familiaeque
324 2565 411 2628 suae,
434 2551 468 2609 et
489 2543 562 2608 aliis
585 2541 796 2611 distribuerit.
818 2542 880 2608 His
903 2542 999 2608 dictis
1013 2544 1156 2633 principi
1168 2544 1301 2614 calicem
1315 2546 1370 2634 ejus

95 2648 313 2724 exhibuerunt
334 2671 377 2714 ex
399 2647 488 2734 ligno
510 2647 642 2732 factum,
664 2657 696 2713 et
726 2647 835 2714 resina
851 2649 1041 2714 inunctum.

178 2754 281 2839 Item3
304 2754 406 2821 locuti
427 2753 502 2825 sunt
522 2752 613 2837 haec,
649 2751 736 2840 quod
757 2752 852 2819 nobis
875 2774 970 2819 omne
992 2753 1134 2819 triticum
1164 2776 1225 2844 pre
1259 2757 1370 2844 pinsen-

92 2856 142 2925 dis
164 2859 230 2925 illis
252 2859 326 2924 Diis
363 2866 563 2940 consument,
600 2864 632 2924 ct
668 2859 696 2923 si
727 2859 823 2924 etiam
856 2859 951 2947 copia
973 2859 1057 2924 sicut
1077 2880 1172 2926 mons
1194 2861 1287 2946 foret,
1312 2861 1370 2948 jam

94 2987 166 3029 eam
189 2964 476 3051 consumpsissent.
1020 2957 1024 2965 '

176 3067 275 3154 [tem3
308 3065 412 3134 hoca
448 3066 589 3156 quedam
622 3067 790 3134 sacerdote
823 3068 946 3134 dictum
979 3067 1061 3152 fuit,
1096 3090 1132 3134 se
1166 3069 1287 3138 habere
1317 3078 1370 3136 tres

91 3174 192 3258 Deos,
231 3195 330 3239 unum
351 3173 386 3237 in
428 3173 651 3255 monstrantia,
674 3171 812 3238 alterum
828 3174 868 3238 in
891 3172 1045 3239 cancellis
1067 3183 1099 3239 et
1121 3176 1255 3243 tertium
1288 3175 1368 3258 dixit,

94 3278 181 3366 quod
214 3278 287 3344 aliis
321 3277 502 3360 distribuat,
527 3285 559 3342 et
581 3276 668 3366 quo'd
690 3278 799 3344 vetula
816 3277 953 3366 judicet,
977 3300 1012 3344 se
1035 3300 1164 3345 sumere
1197 3280 1313 3366 Deum,
1332 3281 1370 3344 in·

93 3385 190 3449 terim
214 3391 319 3449 sumat
341 3371 541 3450 daemonem.
585 3372 729 3470 Ideoque
751 3383 902 3448 Vestram
925 3383 1159 3469 Serenitatem„
1185 3394 1220 3450 et
1241 3385 1372 3452 domines

93 3497 280 3576 praesentes
316 3510 487 3575 rogamus„
511 3497 546 3552 ut
577 3486 737 3572 similibus
770 3487 943 3575 providere
976 3488 1174 3576 dignemini,
1193 3502 1281 3556 ‘cum
1302 3488 1371 3556 tales

93 3591 334 3658 excessusfacti
350 3593 414 3656 sint
435 3578 521 3657 inler
543 3589 689 3657 homines
712 3600 825 3658 contra
846 3592 965 3678 Deum,
976 3602 1091 3660 'contm
1103 3586 1244 3684 Regiam
1266 3594 1371 3684 Msjes·

91 3705 199 3777 tatem,
212 3705 245 3761 et
265 3703 379 3762 contra
398 3715 554 3795 personas
562 3702 699 3780 nostras,
717 3692 793 3761 inde
815 3706 967 3782 rogantes
990 3690 1170 3786 speramus,
1194 3700 1284 3789 quod
1303 3697 1371 3767 tales

91 3801 264 3890 punientur
297 3801 412 3890 poenis
435 3808 467 3866 et
488 3801 656 3866 sententiis
679 3799 813 3888 dejure
836 3803 992 3868 canonico
1015 3811 1048 3869 et
1068 3803 1158 3871 uirili
1180 3805 1368 3874 contrahaes

91 3907 174 3974 latis.
219 3907 396 3993 Hucusque
418 3904 499 3971 haec
526 3905 720 3972 informatio.

175 4010 282 4076 Homo
304 4009 465 4098 prudens,
489 4017 520 4073 et
553 4031 652 4074 sanae
673 4010 791 4077 mentis
821 4011 965 4076 existens
987 4032 1065 4078 vere
1085 4012 1215 4100 pudore
1237 4007 1364 4104 perfundi

93 4115 235 4199 deberet,
259 4116 418 4180 siceram
437 4112 551 4200 judice
573 4113 655 4179 tales
677 4136 730 4179 res
752 4114 843 4181 leves
883 4124 915 4179 et
948 4114 1113 4181 infantiles
1142 4118 1283 4207 ineptias
1303 4124 1362 4206 pre·

92 4218 190 4286 ferret
226 4228 259 4286 et
279 4219 360 4286 alios
383 4218 424 4284 de
446 4218 497 4284 his
518 4218 612 4305 quasi
634 4220 796 4285 somnians
818 4229 993 4287 accusaret.
1036 4219 1164 4297 Passek
1196 4245 1274 4291 vere
1307 4238 1390 4311 cum,

94 4324 334 4412 coadjutoribus
368 4325 435 4400 suis
457 4324 586 4389 nomine
615 4323 827 4411 Pragensium
849 4323 1046 4393 verecundia
1078 4333 1184 4393 tactus
1218 4349 1283 4396 non
1309 4324 1360 4405 fcit,

92 4426 241 4515 principi,
274 4429 339 4494 imo
372 4427 457 4515 quod
479 4427 552 4516 plus
576 4435 634 4506 est,
656 4429 720 4516 ipsi
741 4432 811 4517 regi
833 4430 963 4497 domino
986 4450 1044 4496 suo
1074 4431 1145 4498 sine
1179 4435 1268 4500 omni
1287 4428 1360 4500 sesti·

93 4531 234 4596 matione
255 4532 337 4597 tales
359 4532 469 4599 literas
492 4532 680 4599 levitatibus
700 4534 825 4623 plenas,
848 4544 880 4601 et
901 4535 1165 4604 informationem
1200 4535 1360 4616 extradere,

93 4656 177 4724 quae
199 4633 311 4702 literae
334 4646 440 4703 tamen
463 4659 535 4704 esse
557 4637 738 4705 debuerunt
757 4641 935 4706 maximum
956 4639 1203 4710 fundamentum
1234 4630 1274 4712 ¹et
1306 4637 1362 4709 sb·

84 4739 208 4805 stantia
231 4749 343 4806 cenna
377 4742 523 4829 captivos
545 4758 603 4808 seu
624 4745 659 4809 in
681 4745 865 4814 carceribus
887 4744 1056 4833 detentos3
1078 4766 1195 4818 verum
1223 4747 1265 4816 de
1284 4740 1367 4816 caede
