2946 5086
1328 160 1395 235 Stl-

103 333 208 423 zyka,
229 331 366 404 Karban
400 340 435 400 et
453 335 528 402 aliis
548 333 744 422 quibusdam
764 335 875 403 stricte
896 333 1073 422 praecepit,
1094 339 1201 403 utaos
1217 336 1258 409 dn
1273 336 1388 424 quiete

103 438 297 527 relinquant,
321 462 432 506 curam
452 438 583 507 illorum
604 440 772 520 habentes,
786 447 827 516 ¹et
839 437 913 505 illos
928 447 1041 507 contra
1062 437 1145 509 alios
1170 440 1394 515 defendentes.

104 544 194 611 Dum
214 567 294 612 vero
315 544 441 612 Passek
461 568 571 613 rursus
594 544 726 630 diceret,
753 547 1013 614 communitatem
1034 546 1086 614 his
1113 546 1280 616 adversari
1291 596 1301 632 ,
1331 570 1394 631 tex

104 649 261 716 necunde
282 650 467 739 respondit:
499 652 561 717 etsi
583 651 762 739 quietalis
795 652 1006 737 inveniretur,
1034 653 1095 741 qui
1127 652 1287 721 voluntati
1322 655 1393 744 ejus

104 757 258 821 resistere
281 756 390 840 vellet,
412 764 448 822 ut
469 778 542 822 eum
565 757 727 843 signatum
749 756 914 844 deferant3
950 755 1037 846 quod
1069 758 1098 824 si
1119 759 1217 824 etiam
1238 761 1394 847 magistro

104 858 299 926 Wenceslao
336 869 368 926 et
388 858 541 927 Hlawsae
563 858 695 948 aliquod
717 859 840 928 malum
860 860 1018 928 acciderit
1038 869 1150 928 contra
1172 861 1298 931 salvum
1320 887 1395 932 con·

105 964 239 1032 ductum
262 967 309 1031 eis
341 987 541 1052 concessum,
573 964 659 1055 quod
691 964 748 1032 ille
780 966 816 1032 in
845 989 991 1056 corpore,
1026 967 1092 1033 imo
1124 967 1194 1049 vita
1223 970 1393 1057 punietur3

104 1070 244 1160 ideoque
267 1071 352 1137 intra
373 1071 454 1138 illud
477 1070 632 1160 temporis
655 1072 805 1161 spatium,
827 1079 864 1139 ut
874 1070 1091 1154 amicabiliter
1112 1093 1186 1137 cum
1197 1069 1262 1138 illis
1285 1075 1393 1145 omnia

105 1184 309 1264 comportent
345 1184 378 1243 et
399 1184 615 1266 componant3
646 1177 674 1243 si
703 1194 783 1244 vero
804 1176 867 1243 hoc
895 1175 1017 1244 factum
1049 1198 1114 1243 non
1136 1176 1242 1260 fuerit,
1272 1174 1394 1247 certum

104 1280 186 1365 fore,
212 1279 298 1368 quod
319 1281 355 1346 in
377 1281 428 1346 his
447 1282 571 1369 justum
587 1280 749 1369 judicium
769 1303 829 1369 pro
850 1279 947 1368 hujus
969 1279 1035 1346 litis
1058 1280 1272 1370 diremptione
1291 1282 1389 1349 inter-

99 1393 250 1472 ponetur,
274 1394 307 1450 et
329 1385 512 1473 quicunque
534 1384 648 1452 horum
670 1383 828 1453 malorum
849 1407 948 1452 causa
968 1386 1074 1470 fuerit,
1098 1384 1152 1451 hic
1185 1403 1313 1450 severe·
1330 1409 1400 1474 pu·⁴

103 1492 224 1557 nietur.
268 1489 357 1556 Dum
377 1491 486 1579 itaque
508 1489 657 1559 dominus
678 1488 812 1558 Hlavvsa
848 1499 881 1557 et
900 1492 1056 1577 magister
1076 1488 1290 1557 Wenceslaus
1312 1488 1389 1557 Pra-

97 1619 176 1683 gam
200 1619 243 1662 ex
264 1618 339 1663 arce
371 1597 626 1681 descendissent,
657 1619 777 1683 magna
809 1598 904 1684 copia
938 1597 1105 1665 hominum
1137 1621 1177 1665 ac
1211 1596 1390 1665 incolarum

96 1701 216 1767 solatio
252 1700 385 1789 impleta
420 1702 489 1786 fuit,
526 1725 565 1768 ac
597 1701 732 1767 honeste
765 1700 1001 1790 affabilitasque
1037 1724 1093 1769 eos
1128 1702 1405 1770 beneventorunt.

94 1807 193 1873 Tunc
214 1807 318 1896 primo
340 1806 539 1896 apparebant
560 1806 683 1892 dolosa,
716 1805 799 1872 falsa
836 1813 868 1872 et
896 1806 1016 1893 injusta
1048 1808 1156 1875 omnia
1188 1807 1392 1875 adversario·

94 1935 170 1979 rum
192 1911 327 2000 prolata,
350 1933 467 2000 nempe
489 1933 508 1976 a
529 1911 654 1977 Passek
676 1918 709 1976 et
729 1908 812 1987 aliis,
835 1909 891 1997 qui
912 1909 1075 1992 dixerunt,
1096 1911 1155 1978 vix
1177 1911 1289 1978 decem
1317 1933 1391 1999 per·

95 2039 195 2083 sonas
224 2016 349 2103 Pragae
372 2037 455 2100 esse,
486 2015 542 2104 qui
562 2014 626 2080 illis
649 2014 807 2082 faverent.
847 2013 930 2079 Item
961 2013 1113 2080 dixerunt
1134 2023 1209 2082 ante
1230 2016 1292 2082 hoc
1313 2014 1391 2082 Pas·

96 2121 158 2187 sek
182 2129 215 2186 et
250 2120 313 2204 alii,
337 2120 423 2209 quod
460 2121 487 2186 si
519 2119 653 2187 Hlavvsa
674 2127 707 2186 et
728 2118 844 2207 reliqui
865 2119 991 2206 Pragae
1020 2120 1135 2205 forent,
1166 2130 1242 2191 tunc
1273 2143 1391 2208 magna

93 2227 131 2289 in
154 2225 383 2290 communitate
416 2225 582 2312 sanguinis
614 2222 759 2312 profirsio
793 2223 982 2307 exoriretur,
1024 2225 1070 2289 ita
1103 2224 1190 2312 quod
1222 2224 1391 2313 sanguinei

93 2330 158 2396 rivi
179 2353 240 2418 per
271 2329 396 2419 plateas
432 2329 640 2396 decurrerent
672 2337 705 2394 et
737 2326 925 2413 defluerent,
963 2335 997 2394 et
1028 2328 1106 2394 dum
1128 2350 1166 2396 eo
1195 2328 1389 2408 devenisset,

95 2435 184 2524 quod
205 2437 240 2501 in
261 2436 351 2501 curia
370 2434 552 2522 Pragenses
574 2455 648 2500 cum
670 2431 793 2498 eisdem
815 2432 1083 2520 colloquerentur,
1098 2433 1220 2500 dictum
1250 2435 1298 2500 eis
1329 2433 1391 2500 fuit

95 2563 115 2607 a
137 2539 269 2606 domino
291 2538 433 2624 Hlawsa,
457 2549 490 2605 et
510 2540 665 2628 magistro
686 2537 891 2617 wenceslao,
912 2537 1042 2603 nomine
1064 2539 1207 2606 omnium
1240 2537 1389 2606 exulum:

180 2645 310 2731 Prim03
333 2621 370 2711 ul
401 2645 553 2711 honestas
586 2642 715 2710 illorum
745 2644 792 2708 eis
825 2643 1062 2731 redintegretur
1083 2651 1116 2712 et
1135 2643 1321 2712 restituatur
1353 2641 1389 2707 in

95 2747 168 2834 hoc,
192 2749 279 2838 quod
312 2748 387 2817 illos
421 2751 594 2817 ecivitate
615 2749 834 2836 relegaverint
855 2756 889 2815 et
923 2748 1035 2815 literas
1057 2746 1099 2816 de
1121 2747 1198 2834 illis,
1221 2755 1254 2814 et
1277 2754 1391 2813 contra

100 2852 174 2920 illos
197 2854 384 2922 inhonestas
405 2878 465 2944 per
485 2878 622 2943 regnum
643 2855 744 2923 variis
773 2854 1023 2921 transmiserint.

186 2958 355 3038 Secund03
378 2968 414 3026 ut
435 2960 509 3027 illos
529 2960 573 3026 ad
595 2960 707 3027 domos
729 2968 762 3027 et
782 2960 1006 3049 possessiones
1029 2978 1104 3025 suas
1136 2958 1286 3047 proprias
1321 2957 1391 3024 sine

103 3063 192 3129 omni
214 3065 445 3154 impedimento
468 3075 501 3132 et
523 3065 778 3132 contradictione
800 3064 971 3132 dimittant.

178 3167 304 3254 Terti03
338 3178 374 3235 ut
402 3171 510 3237 omnia
539 3170 658 3237 damna
679 3169 745 3236 illis
769 3176 989 3261 compensent,
1013 3189 1096 3258 quae
1132 3167 1281 3256 perpessi
1314 3174 1389 3234 sunt

95 3273 151 3340 illo
186 3281 342 3362 tempore,
365 3274 442 3342 dum
463 3275 505 3342 ad
528 3297 639 3342 eorum
677 3274 789 3342 domos
827 3283 860 3340 et
892 3273 1025 3360 negotia
1061 3270 1231 3338 tractanda
1253 3270 1386 3338 admissi

94 3401 162 3444 uon
196 3378 335 3446 fuerunt
379 3381 485 3468 Super
520 3379 602 3446 haec
624 3379 733 3446 omnia
752 3378 936 3465 Pragenses
959 3376 1007 3442 eis
1030 3377 1185 3462 exiguum
1208 3384 1242 3443 et
1261 3376 1385 3443 insuffi-

93 3483 188 3549 ciens
225 3507 416 3573 responsum
455 3483 623 3568 dederunt,
660 3503 777 3571 nempe
798 3482 855 3567 ita,
879 3481 908 3546 si
929 3479 1015 3569 hanc
1044 3481 1294 3548 transactionem
1322 3481 1385 3548 hoc

88 3587 190 3654 modo
219 3589 302 3654 inire
322 3572 434 3674 velint,
456 3598 502 3674 ut,
525 3610 750 3679 quamcunque
772 3586 838 3653 illis
860 3584 1012 3673 injuriam
1054 3584 1240 3671 intulerunt,
1278 3594 1388 3653 tamen

87 3694 138 3758 ita
159 3708 351 3780 permaneat
373 3695 443 3760 sine
465 3696 553 3761 omni
575 3693 847 3782 compensatione,
871 3700 903 3757 et
925 3691 981 3779 qui
1001 3689 1111 3778 aliqua
1139 3690 1298 3756 sustinere
1330 3689 1384 3757 de·

84 3797 170 3876 buit,
192 3805 229 3863 ut
260 3797 341 3863 haec
370 3798 433 3865 sibi
472 3799 634 3887 relinquat
656 3807 689 3865 et
709 3800 872 3887 patienter
893 3796 984 3863 ferat.
1028 3795 1134 3883 Super
1155 3794 1237 3861 haec
1267 3795 1389 3861 iterum

85 3887 209 3968 omnes
225 3901 406 3988 Pragenses
432 3905 479 3969 eis
505 3904 659 3990 exiguum
682 3912 714 3969 et
735 3901 935 3968 insufficiens
956 3921 1146 3988 responsum
1166 3898 1332 3984 dederunt,
1356 3909 1389 3965 et

85 4007 129 4073 ab
152 4007 297 4073 invicem
328 4029 364 4073 re
384 4007 506 4074 infecta
541 4007 767 4074 discesserunt.
810 4007 885 4073 Hoc
906 4004 984 4071 dum
1012 4026 1073 4072 rex
1100 4003 1310 4088 rescivisset,
1328 4001 1388 4069 de-

83 4134 151 4193 nuo
181 4111 357 4196 mandavit,
388 4123 425 4178 ut
445 4113 626 4200 Pragenses
660 4113 799 4179 citantur
819 4133 878 4200 pro
901 4110 1038 4177 termino
1066 4109 1177 4177 Sancti
1204 4107 1386 4192 Laurentii,

82 4219 141 4284 ubi
172 4217 343 4284 certificari
364 4216 474 4303 voluit,
498 4240 561 4306 qua
583 4227 738 4307 exparte
759 4218 874 4284 horum
903 4217 1045 4284 omniurn
1080 4213 1156 4280 data
1192 4213 1235 4279 sit
1272 4233 1386 4312 causa3

84 4321 261 4389 destinavit
281 4324 381 4409 igitur
402 4332 435 4388 et
457 4322 556 4410 elegit
577 4332 713 4411 quatuor
723 4344 879 4413 personas
892 4321 933 4387 de
954 4319 1049 4406 regni
1059 4317 1258 4406 proceribus,
1269 4338 1387 4407 nempe

83 4430 250 4497 dominum
274 4427 487 4494 Adalbertum
524 4427 565 4494 de
585 4428 765 4507 Perustein,
788 4447 973 4515 supremum
995 4422 1088 4489 aulae
1120 4422 1318 4510 praefectum
1355 4429 1388 4489 et

83 4536 290 4624 capitaneum
322 4533 416 4620 regni
436 4531 622 4616 Bohemiae,
644 4532 810 4598 dominum
845 4528 1053 4596 Zdenconem
1086 4526 1167 4594 Lew
1201 4548 1386 4616 supremum

80 4640 315 4729 burggravium
336 4638 543 4725 Pragensem,
565 4636 730 4703 dominum
761 4633 925 4701 Adamum
961 4631 1002 4698 de
1035 4630 1167 4699 Hradec
1200 4650 1385 4720 supremum

81 4748 176 4838 regni
197 4743 376 4817 Bohemiae
398 4741 636 4829 cancellarium,
660 4748 694 4810 et
714 4739 881 4811 dommum
901 4736 1064 4809 loannem
1084 4735 1126 4808 de
1147 4732 1385 4824 Wartemberg,
