2946 5086
686 334 834 406 CAPUT
855 335 907 406 16.

153 541 192 604 In
215 558 275 620 quo
295 537 469 600 insinnatur
493 537 531 598 de
552 535 731 616 imperatore
763 541 792 595 et
823 554 904 614 rege,
931 533 1079 612 quomodo
1111 533 1234 611 utrique
1258 534 1428 595 fortunalis

152 628 335 707 temporibus
358 625 474 699 faverit,
500 625 607 701 Papae
628 644 700 685 vero
723 623 811 701 quale
837 622 1033 685 infortunium
1067 641 1085 680 e
1108 619 1240 684 Caesare
1274 622 1428 700 contigerit.

145 717 369 793 Tandemque
393 711 538 772 violentie
561 711 703 771 notabilis
726 728 866 770 numerus
896 710 1171 788 neobaptisatorum
1206 732 1264 790 pro
1286 709 1430 789 evangelio

384 808 492 861 sancto
513 818 569 878 per
592 794 767 878 episcopum
784 797 916 859 'Fabium
937 797 1073 875 perditus
1095 796 1193 856 fuerit.

226 987 277 1056 Ne
297 1006 376 1057 vero
399 984 527 1054 cuidam
548 982 708 1068 videatur,
731 1004 785 1049 me
805 983 897 1051 varia
918 985 1066 1066 miscere,
1082 981 1190 1048 nullus
1198 982 1345 1063 miretur,
1357 982 1433 1072 quod

141 1094 302 1184 incipiens
325 1113 506 1160 sermonem
527 1112 637 1157 meum
658 1090 693 1156 in
715 1089 778 1156 hoc
799 1090 887 1172 libro.
905 1088 947 1156 de
969 1089 1127 1156 seditione
1148 1089 1320 1176 Pragensi,
1346 1091 1433 1155 etiam
1469 1142 1471 1163 ÷

139 1200 220 1270 mihi
247 1198 480 1288 proposuerim,
508 1203 544 1262 ut
565 1197 650 1260 inter
681 1194 764 1261 haec
798 1195 895 1261 etiam
926 1193 1006 1259 alias
1040 1194 1149 1259 variae
1185 1215 1240 1258 res
1273 1193 1433 1282 adducam,

142 1327 224 1395 quae
249 1326 315 1371 non
336 1309 460 1369 tantum
482 1301 517 1367 in
538 1321 642 1387 reguo
665 1298 852 1384 Bohemiae,
877 1299 935 1366 sed
958 1308 991 1366 et
1013 1297 1091 1365 alibi
1105 1299 1324 1384 contigerunt,
1355 1322 1436 1388 prae·

142 1410 252 1478 sertim
272 1430 351 1476 vero
373 1404 414 1472 de
437 1405 678 1494 expugnatione
698 1403 787 1470 urbis
809 1404 983 1471 Romanae.
1027 1403 1119 1469 Haeo
1158 1404 1246 1467 enim
1269 1403 1345 1470 ideo
1374 1426 1435 1492 pro·

141 1537 262 1606 ponere
289 1513 375 1591 volo,
406 1520 442 1578 ut
474 1513 667 1594 innotescat,
714 1508 793 1598 quid
822 1511 947 1576 interea
978 1510 1131 1598 temporis
1168 1507 1257 1573 aliud
1292 1510 1436 1574 memorie
1469 1526 1471 1593 Ι

141 1620 276 1708 dignum
297 1616 418 1684 iactum
439 1616 539 1682 buerit
561 1638 620 1704 pro
653 1615 771 1680 notitia
803 1614 983 1683 futurorum
1015 1625 1198 1702 temporum
1228 1612 1311 1680 ioris
1345 1613 1433 1679 domi·

146 1745 219 1813 que,
241 1745 344 1812 usque
364 1720 408 1788 ad
429 1721 689 1787 terminationem
712 1741 831 1807 nempe
856 1719 953 1809 hujus
990 1719 1118 1785 dissidii
1143 1720 1328 1801 memorati,
1360 1718 1433 1806 qnod

144 1827 298 1895 videlicet
326 1833 499 1893 concernet
531 1846 642 1912 regem
688 1832 720 1890 et
752 1824 919 1891 dominum
948 1826 1042 1912 regni
1074 1825 1263 1907 Bohemiae,
1298 1823 1433 1889 simulet
1469 1836 1471 1920 j

142 1931 277 1999 tranem
300 1932 370 2021 ejus
391 1918 621 2018 imperatorem
644 1927 808 2007 Oarolum,
832 1931 981 2018 quamvis
1005 1929 1102 1994 etiam
1122 1936 1197 1995 acta
1219 1928 1347 1994 marina
1370 1950 1431 1993 con·
1469 1941 1471 1977 l

142 2043 298 2119 cerneret,
332 2055 414 2122 quae
448 2034 545 2100 etiam
573 2040 709 2120 egerunt
741 2034 939 2122 antiquiores
979 2032 1141 2117 historici,
1179 2044 1213 2101 et
1258 2038 1296 2102 in
1327 2036 1431 2102 talibus
1469 2044 1471 2079 ÷

144 2139 225 2207 locis
258 2147 291 2206 et
312 2136 536 2204 occasionibus
559 2158 594 2203 se
616 2139 662 2202 ite
683 2145 863 2224 gesserunt.
908 2135 1004 2218 Quod
1025 2158 1102 2203 vero
1127 2143 1298 2207 concernit
1322 2165 1431 2230 expug·
1468 2149 1471 2188 ³

143 2245 308 2312 nationem
329 2240 419 2309 urbis
440 2242 647 2309 Romanaea
678 2242 897 2331 suprascripto
923 2242 1063 2308 Caesare
1098 2252 1276 2329 connatam,
1310 2246 1352 2313 de
1383 2267 1431 2334 qna
1470 2254 1471 2260 ’

142 2349 197 2416 hic
219 2346 361 2415 scribere
394 2345 479 2430 volo,
516 2369 590 2413 cum
619 2346 677 2413 illa
707 2344 770 2412 hoc
799 2346 870 2414 loco
883 2346 1128 2414 occasionaliter
1150 2349 1338 2435 obveniant,
1366 2351 1430 2417 haee

142 2475 241 2543 agere
277 2452 380 2520 debeo
414 2473 457 2518 ex
489 2450 611 2540 duplici
648 2473 755 2520 causa.
799 2452 910 2517 Prima
945 2475 1042 2520 causa
1085 2464 1135 2520 est
1171 2459 1430 2546 consanguinitas,

141 2580 224 2649 qnae
244 2556 414 2625 interillos
429 2556 611 2640 intercedit,
634 2578 751 2644 nempe
773 2555 948 2623 Gaesarem
970 2558 1056 2623 inter
1077 2567 1110 2624 et
1131 2560 1257 2650 Regem
1280 2563 1430 2629 dominun

139 2686 258 2747 meum,
279 2663 418 2751 ideoque
433 2663 531 2728 etiam
551 2683 687 2728 necessa
709 2671 767 2746 est,
790 2661 888 2728 uthic
910 2661 1049 2730 scribam
1071 2663 1112 2730 de
1135 2663 1290 2733 Caesaris
1305 2677 1373 2733 tam
1389 2689 1430 2732 no·

140 2767 234 2835 tabili
266 2778 300 2834 et
334 2769 490 2834 memoria
511 2767 610 2854 digno
643 2775 727 2852 actu,
760 2768 845 2833 siout
866 2767 907 2834 de
928 2791 1006 2856 rege
1028 2769 1159 2836 domino
1181 2794 1266 2840 meo.
1297 2771 1431 2841 Secunda

143 2893 249 2958 causa,
272 2873 349 2958 quia
381 2871 423 2937 de
444 2879 510 2937 tam
542 2870 677 2938 notabili
714 2880 746 2938 et
781 2873 937 2940 memoria
957 2873 1056 2961 digno
1078 2884 1153 2941 actu
1173 2875 1225 2943 his
1247 2874 1431 2967 temporibus

140 3000 304 3067 nunquam
326 2977 469 3045 anditum
491 2976 561 3061 fuit,
599 2986 635 3044 ut
668 2976 750 3044 haec
771 2977 887 3063 aliquis
914 2979 948 3046 in
979 2981 1128 3047 effectum
1161 2982 1382 3071 perduxisset,
1409 2990 1432 3048 et

144 3082 309 3148 civitatem
341 3080 426 3147 hano
460 3103 533 3148 cum
568 3081 661 3170 Papa
683 3091 716 3148 et
751 3081 970 3150 cardinalibus
992 3082 1217 3170 destruxisset,
1264 3090 1330 3154 nisi
1365 3089 1431 3155 forte

146 3194 222 3252 ante
243 3185 366 3277 aliquot
401 3196 555 3254 centenos
576 3209 689 3271 annos,
713 3195 858 3276 tempore
880 3196 1027 3255 veterum
1047 3189 1269 3258 Romanorum
1301 3202 1335 3261 et
1363 3216 1432 3281 gen·

141 3291 256 3359 tilium.
313 3291 456 3379 Ideoque
490 3303 539 3358 est
570 3316 623 3360 res
659 3292 875 3360 admiratione
911 3293 1011 3382 digna
1022 3343 1031 3378 ,
1075 3296 1163 3383 quod
1202 3296 1257 3363 his
1298 3299 1433 3369 dominis

141 3417 259 3484 nempe
291 3396 477 3484 imperatori
514 3406 546 3464 et
576 3398 668 3465 fratri
705 3399 775 3486 ejus
812 3400 883 3486 regi
913 3398 1121 3466 Fordinando
1155 3401 1239 3467 mira
1277 3412 1312 3470 et
1339 3406 1434 3471 incon·

143 3509 235 3567 sueta
270 3499 440 3568 advenerit
474 3500 604 3568 fortuna
626 3511 658 3569 et
678 3505 814 3571 victoria
850 3505 886 3570 in
907 3503 969 3571 hoc
991 3502 1128 3591 mund03
1151 3505 1344 3595 imperatori
1375 3510 1434 3598 qui·

142 3603 227 3689 dem,
262 3604 348 3696 quod
380 3606 496 3673 vicerit
517 3628 629 3692 regem
650 3607 819 3693 Franciae,
842 3631 917 3676 eum
949 3609 1080 3697 ceperit,
1113 3609 1148 3674 in
1171 3615 1392 3701 captivitatem
1411 3623 1435 3680 et
1469 3642 1471 3647 ·

141 3716 334 3798 potestatem
356 3730 446 3775 suam
468 3709 639 3797 redegerit,
664 3720 696 3778 et
718 3714 840 3780 tamdiu
872 3713 1055 3796 detinuerit,
1088 3711 1193 3782 donec
1214 3723 1435 3788 transactiones

142 3811 331 3879 amicabiles
354 3812 413 3879 sub
448 3815 544 3879 certis
567 3815 806 3884 conditionibus
828 3820 913 3884 inter
935 3817 1009 3883 illos
1032 3819 1167 3886 effectae
1192 3822 1336 3890 finissent
1365 3836 1432 3890 tem·

141 3938 221 4006 pore
243 3917 370 3984 vernali
389 3917 466 3983 anni
485 3919 577 3986 1525.
600 3921 747 3988 Tandem
770 3923 855 4011 quod
886 3923 1023 3989 Romam
1058 3930 1303 4014 expugnaverit
1324 3929 1432 4019 potenti

139 4045 247 4107 manu,
271 4031 303 4089 et
324 4022 446 4110 Papam
467 4022 528 4090 sibi
552 4023 783 4114 subjugaverit,
806 4029 921 4115 dequo
938 4029 1023 4095 infra
1049 4028 1144 4097 latius
1164 4032 1338 4101 scribetur.
1367 4035 1432 4118 Regi

141 4131 237 4197 etiam
259 4126 467 4194 Ferdinando
479 4129 560 4196 haec
571 4130 699 4198 fortuna
714 4133 804 4217 favit,
819 4133 894 4201 dum
907 4157 1042 4221 regnum
1053 4134 1245 4223 Hungariee
1257 4140 1294 4207 vi
1315 4141 1430 4228 adeptus

140 4234 210 4319 fuit,
232 4255 293 4299 rex
314 4232 418 4299 factus
442 4241 474 4299 et
496 4244 666 4302 coronatus
680 4245 738 4321 est,
762 4247 794 4303 et
814 4238 974 4305 Joannem
997 4238 1200 4327 Stephanum
1212 4243 1247 4308 in
1260 4244 1324 4312 hoc
1346 4263 1428 4330 regno

139 4339 230 4428 prius
242 4344 430 4404 coronatum
453 4361 526 4403 cum
547 4361 665 4427 magno
689 4342 835 4430 ejusdem
858 4353 1042 4431 contemptu
1066 4346 1204 4433 expulit.
1227 4347 1297 4416 Sed
1317 4349 1425 4418 hoodin

140 4463 206 4507 non
235 4440 372 4524 duravit,
395 4450 491 4531 prout
511 4443 596 4509 infra
618 4445 764 4532 dicetur3
798 4447 910 4513 ultimo
934 4450 1020 4514 enim
1044 4470 1082 4514 eo
1094 4448 1239 4537 devenit,
1252 4456 1340 4542 quod
1353 4455 1424 4521 Hun-

140 4547 220 4634 gari‚
241 4556 414 4635 antequam
437 4571 540 4614 annus
572 4551 728 4636 finiretur,
767 4562 902 4641 quatuor
938 4576 1143 4642 possessores
1178 4562 1277 4646 regni
1310 4563 1357 4627 sui
1385 4559 1423 4624 ha·

143 4648 281 4733 buerint,
319 4673 435 4740 nempe
457 4674 567 4740 regem
590 4655 793 4723 Ludovicum
816 4681 836 4723 a
858 4658 973 4724 Turois
995 4680 1138 4745 caesum,
1162 4685 1332 4733 caesarem
1363 4665 1423 4730 Tur

133 4753 239 4820 cicum
262 4776 491 4837 successorem
517 4759 599 4849 ejus,
621 4760 781 4829 Joannem
804 4762 1003 4852 Stephanum
1041 4765 1210 4853 qnondam
1248 4769 1424 4860 Transplva·
