2946 5086
1238 200 1344 306 -ros

74 405 178 472 hemis
211 406 342 472 domum
375 407 497 472 reversi
528 404 685 470 fuerunt.
718 409 816 474 Hune
848 409 935 495 regis
968 409 1133 474 interitum
1165 411 1367 494 confirmavit

74 513 189 597 regina
226 511 331 576 Maria
352 512 419 576 suis
452 511 592 598 propriis
626 509 728 576 literis
751 513 792 577 ad
814 533 965 601 proceres
987 511 1149 579 Bobemos
1183 516 1218 579 in
1239 519 1371 584 comitia
1459 575 1466 589 ,

75 614 202 701 missis3
241 617 320 680 item
349 617 502 703 princeps
525 615 685 702 Georgius
706 617 851 684 marchio
873 615 1157 704 Braudeburgiens
1178 622 1213 685 in
1234 624 1366 689 nuncia·

78 726 146 786 tura
168 721 214 786 ad
235 742 343 786 arcem
361 719 559 805 Pragensem
580 719 622 786 ab
645 721 759 787 eadem
780 722 895 808 regina
917 721 1019 787 missa
1029 723 1116 788 eirca
1126 723 1213 790 diem
1233 725 1266 792 S.
1282 726 1371 795 Galli

81 828 131 915 (13
141 825 236 914 Oct)
258 824 406 890 Tandem
427 822 540 889 ultimo
563 825 766 894 confirmavit
778 818 1006 894 Perdinandus
1028 828 1187 896 archidux
1210 829 1373 916 Austriae,

80 933 200 997 amicus
215 930 384 1019 proximus
408 937 441 992 et
462 927 619 1009 naturalis
631 931 808 998 secundum
831 955 941 998 ensem
964 933 1051 1020 regis
1062 931 1223 1001 Ludoviei
1245 937 1375 1025 (quise

82 1055 133 1121 pro
149 1056 255 1122 regno
269 1024 447 1099 Bohemiae
458 1031 669 1120 adipiscendo
680 1036 872 1126 insinuavit)
890 1037 998 1117 literis
1017 1039 1084 1103 suis
1099 1039 1134 1102 in
1146 1039 1284 1105 eundem
1301 1062 1373 1106 sen·

82 1156 148 1206 sum
158 1162 221 1228 per
242 1147 386 1205 oratores
408 1159 484 1202 suos
495 1138 674 1223 insinuans,
698 1140 853 1228 qnodrex
866 1141 1053 1208 Ludovicus
1075 1142 1242 1208 interierit.
1278 1143 1375 1210 Prae·

82 1243 205 1330 grande
226 1252 263 1308 ut
284 1244 401 1309 mirum
422 1245 458 1308 in
479 1243 543 1309 hoc
565 1265 643 1308 casu
673 1243 733 1309 fuit
763 1245 845 1311 illud
866 1246 931 1311 Dei
956 1245 1118 1334 judicium
1148 1254 1182 1311 et
1212 1244 1376 1315 admissio.

81 1349 231 1415 Tandem
252 1347 345 1414 finito
367 1348 453 1415 bello
469 1349 602 1436 qnidam
615 1357 816 1415 revertentes
834 1350 881 1416 ad
903 1350 1041 1416 eundem
1053 1349 1161 1415 locum
1182 1342 1377 1419 invenerunt

78 1475 193 1541 regem
215 1454 249 1516 in
271 1452 332 1518 hae
354 1452 481 1519 lutuosa
502 1452 631 1541 palude,
661 1454 696 1518 in
719 1456 811 1543 cujus
833 1457 906 1543 ripa
939 1454 1078 1521 eundem
1105 1453 1325 1541 sepeliverunt
1346 1463 1379 1522 et

76 1567 155 1646 post
185 1557 310 1644 aliquot
335 1559 533 1646 septimanas
567 1557 705 1623 eundem
736 1560 853 1625 iterum
875 1560 1075 1643 effodientes,
1108 1560 1241 1647 propius
1283 1558 1377 1627 Bele-

74 1662 182 1750 grado
205 1661 425 1749 sepeliverunt
456 1672 512 1727 aut
532 1663 639 1749 potius
653 1664 759 1751 primo
770 1663 982 1748 devexerunt,
1005 1663 1061 1729 ubi
1076 1662 1241 1751 sepultura
1262 1687 1377 1751 regum

74 1776 137 1851 est,
162 1775 196 1833 et
215 1765 348 1831 tandem
379 1764 473 1831 brevi
496 1767 726 1832 convenientes
756 1767 905 1855 Hungari
928 1766 1147 1856 Belegradum
1174 1790 1233 1855 pro
1267 1767 1375 1834 solen·

74 1874 182 1938 nitate
205 1879 239 1936 et
267 1870 350 1935 festo
373 1868 528 1935 Omnium
552 1870 743 1937 Sanctorum
779 1895 852 1937 eum
874 1873 1061 1939 solemniter
1083 1870 1312 1958 sepeliverunt,
1340 1894 1380 1937 ac

74 1978 269 2064 priusquam
290 1975 408 2060 viginti
444 1982 580 2062 quatuor
609 1974 708 2040 horae
737 1975 952 2060 elaberentur,
988 1977 1104 2042 ducem
1118 1975 1378 2062 Transylvauum

74 2081 240 2147 Jeannem
256 2078 455 2166 Stephanum
477 2080 511 2142 in
543 2101 653 2166 regem
675 2079 739 2146 sibi
754 2082 922 2167 elegerunt
944 2091 977 2146 et
999 2092 1242 2150 coronaverunt.
1279 2080 1378 2146 Cives

79 2208 157 2251 vero
191 2194 223 2250 et
244 2182 372 2249 incolae
400 2183 572 2251 Budenses
602 2185 710 2250 Turea
741 2187 913 2272 perterriti,
944 2186 1037 2251 multi
1070 2210 1112 2252 ex
1148 2187 1279 2252 civitate
1311 2184 1375 2250 alio

83 2291 386 2376 commigraverunt,
407 2288 550 2354 Judaeos
574 2287 697 2354 ibidem
729 2281 969 2378 relinquentes
1005 2290 1083 2357 Post
1103 2292 1225 2380 aliquot
1245 2289 1377 2356 tandem

85 2393 152 2459 dies
174 2394 302 2458 'Furcae
323 2392 450 2457 Budam
473 2392 687 2459 advenientes
717 2393 806 2459 illam
829 2404 1109 2482 expugnaverunt,
1128 2397 1247 2462 'urbem
1268 2396 1377 2461 iucen-

88 2497 202 2564 derunt
236 2507 270 2563 et
290 2497 433 2563 ludaeos
463 2498 565 2562 ferme
598 2521 709 2564 omnes
743 2499 951 2586 oeciderunt3
975 2503 1141 2567 civitatem
1162 2501 1262 2565 Pestb
1285 2501 1382 2566 etiam

90 2604 341 2686 combusserunt,
376 2611 408 2667 et
429 2602 494 2666 alia
515 2596 602 2667 mala
627 2596 845 2669 tentaverunt.
864 2590 869 2599 ¹
889 2604 977 2669 Mala
997 2606 1140 2692 provisio
1162 2603 1381 2670 Bohemorum

92 2703 146 2788 icit
165 2730 226 2794 pro
249 2706 379 2772 domino
403 2729 482 2792 rege
504 2728 585 2791 suo;
618 2729 693 2772 nam
717 2708 801 2773 sieut
822 2707 944 2779 dietum
967 2717 1025 2791 est,
1060 2708 1191 2796 quidam
1224 2708 1382 2775 auxilium

93 2811 243 2900 populare
264 2813 432 2894 miserunt,
466 2810 567 2898 aliqui
589 2833 667 2877 vero
701 2811 782 2883 nihil
802 2812 975 2878 dederunt.
1003 2813 1091 2878 Nam
1122 2813 1263 2901 quidam,
1295 2815 1379 2879 sicut

92 2911 205 2982 dietum
228 2916 301 2999 fuit,¹
321 2917 368 2982 uti
390 2915 583 3000 Pragenses,
620 2917 768 3002 quamvis
791 2916 883 2982 'alios
906 2919 1009 2983 secuti
1040 2917 1083 2982 ad
1105 2917 1227 2983 bellum
1247 2939 1382 3005 proces·

93 3023 189 3087 serint
211 3043 255 3087 ex
276 3020 445 3102 Bohemia,
467 3017 582 3084 Budae
602 3029 711 3086 tamen
732 3032 971 3108 permanentes,
993 3022 1127 3089 ulterius
1150 3004 1304 3110 progredi
1325 3044 1382 3088 no-

88 3115 225 3209 luerunt,
247 3147 351 3212 usque
374 3124 452 3189 dum
474 3123 645 3189 conflictus
666 3124 723 3189 ille
745 3126 866 3215 infelix¹
883 3126 1012 3192 habitus
1033 3125 1157 3190 fuisset.
1188 3124 1242 3190 Ex
1265 3124 1381 3213 quibus

80 3222 239 3297 ‘omnibus
261 3229 372 3296 debite
393 3227 602 3295 considerare
624 3239 656 3293 et
678 3251 876 3316 cognoscere
899 3239 1034 3318 oportet,
1057 3229 1179 3294 nullam
1201 3227 1298 3293 aliam
1321 3229 1382 3293 ori·

78 3335 227 3412 ginalem
247 3356 380 3413 eausam
403 3334 491 3420 regis
513 3333 673 3399 Ludoviei
695 3333 862 3398 infortunii
884 3345 917 3398 et
938 3334 1093 3403 victoriae
1127 3333 1306 3397 Turearum
1348 3326 1384 3407 et

78 3438 338 3528 expugnationis
360 3439 488 3514 urbium
511 3440 545 3504 in
575 3459 676 3525 regno
699 3438 887 3525 Hungeriae
920 3437 1041 3527 fuisse,
1070 3459 1166 3524 quam
1192 3432 1304 3502 'radiae
1326 3433 1384 3500 illa

75 3531 274 3631 Pragensis.
298 3543 545 3630 Quamprimum
561 3545 648 3620 enim
669 3543 728 3623 illa
750 3544 827 3611 oriri
850 3540 971 3625 debuit,
993 3540 1088 3605 multi
1109 3540 1149 3605 de
1172 3549 1257 3606 statu
1277 3539 1384 3605 altiori

74 3635 118 3714 ln
140 3650 319 3716 amicitiam
343 3658 375 3714 et
396 3649 511 3715 foedus
539 3648 622 3713 inire
645 3657 822 3736 coeperunt
844 3671 917 3713 cum
938 3645 1169 3733 Pragensibus,
1195 3634 1386 3734 praesertim

74 3761 168 3820 vero
191 3748 432 3819 dominusLeiv
455 3775 528 3818 eum
550 3751 624 3817 aliis
646 3754 740 3838 regni
756 3753 935 3841 judicibus,
958 3754 1005 3816 ita
1019 3750 1160 3839 quidem,
1184 3758 1220 3814 ut
1241 3748 1383 3814 invicem

74 3845 122 3924 ln
141 3858 391 3925 necessitatibus
406 3880 519 3955 senon
534 3856 695 3940 deserant,
719 3867 752 3922 et
774 3858 905 3946 quidem
929 3846 988 3923 sub
1003 3859 1075 3922 velo
1097 3854 1174 3920 fidei
1197 3853 1279 3918 haee
1299 3851 1386 3919 faeta

74 3951 235 4051 furerent,
258 3958 356 4036 talem
379 3963 489 4049 itaque
504 3963 683 4049 potentiam
698 3970 739 4028 et
753 3964 881 4050 copiam
897 3969 1143 4048 congregantes,
1168 3965 1281 4025 eontra
1303 3956 1384 4023 alios

74 4077 374 4150 tremui-rexerunt,
398 4077 430 4132 et
452 4065 515 4131 hoc
538 4089 605 4132 non
626 4074 751 4131 tanturn
774 4066 896 4133 facturn
917 4067 978 4132 fuit
999 4066 1083 4131 inter
1105 4064 1296 4150 Pragenses,
1327 4060 1386 4136 sed

74 4172 186 4237 etiam
220 4175 256 4236 in
290 4179 376 4237 statu
407 4193 580 4259 procerum
602 4179 635 4236 et
663 4170 831 4238 nobilium.
854 4170 1047 4237 Discordias
1071 4190 1147 4254 ergo
1180 4165 1317 4255 perinde
1351 4174 1384 4231 et

74 4274 164 4341 udin
184 4266 296 4342 eontra
317 4276 460 4341 invicem
482 4276 647 4341 iniverunt
676 4277 853 4361 immensa;
878 4274 1038 4363 adquem
1071 4281 1179 4337 actum
1200 4271 1383 4359 Pragenses

74 4379 290 4466 Rdjuverunt,
312 4381 461 4448 civitates
483 4380 594 4465 regiae
612 4378 774 4465 plurimae
805 4389 837 4444 et
861 4387 962 4444 status
985 4377 1101 4460 civilis,
1134 4376 1189 4462 qui
1212 4398 1247 4439 se
1270 4396 1383 4446 omues

74 4487 267 4569 =Eeeundum
288 4486 377 4551 faeta
397 4486 611 4570 Progensium
635 4483 834 4567 direxerunt,
858 4483 1004 4549 dicentes
1027 4503 1086 4568 per
1116 4478 1277 4546 Joannem
1301 4481 1385 4545 Rau·

74 4580 144 4654 mik
164 4589 560 4678 Regino-Hradeeensem,
582 4586 661 4653 utile
685 4586 747 4653 sibi
770 4609 853 4670 esse,
868 4584 981 4674 'eaput
1003 4584 1104 4671 sequi.
1151 4583 1265 4651 Oleros
1288 4584 1385 4649 etiam

74 4695 267 4763 nocendum
290 4694 583 4762 administratorem
600 4695 743 4758 maxime
766 4690 902 4780 adjuvit,
926 4689 1083 4779 populum
1104 4686 1147 4752 ad
1169 4689 1277 4754 omnia
1299 4686 1385 4753 mala

75 4794 254 4873 aoneiuns
283 4801 317 4867 in
352 4799 566 4891 concionibus
599 4800 669 4867 siue
702 4797 951 4881 intermissione,
984 4794 1076 4883 quasi
1106 4792 1262 4882 populum
1297 4792 1389 4881 equis
