<?xml version="1.0" encoding="UTF-8"?>
<!DOCTYPE html PUBLIC "-//W3C//DTD XHTML 1.0 Transitional//EN"
    "http://www.w3.org/TR/xhtml1/DTD/xhtml1-transitional.dtd">
<html xmlns="http://www.w3.org/1999/xhtml" xml:lang="en" lang="en">
 <head>
  <title>
</title>
<meta http-equiv="Content-Type" content="text/html;charset=utf-8" />
  <meta name='ocr-system' content='tesseract 3.04.00' />
  <meta name='ocr-capabilities' content='ocr_page ocr_carea ocr_par ocr_line ocrx_word'/>
</head>
<body>
  <div class='ocr_page' id='page_1' title='image "./desbartholomaeu00hfgoog_0214.png"; bbox 0 0 2946 5086; ppageno 0'>
   <div class='ocr_carea' id='block_1_1' title="bbox 1216 126 1281 199">
    <p class='ocr_par' dir='ltr' id='par_1_1' title="bbox 1216 126 1281 199">
     <span class='ocr_line' id='line_1_1' title="bbox 1216 126 1281 199; baseline 0 0"><span class='ocrx_word' id='word_1_1' title='bbox 1216 126 1281 199; x_wconf 82' lang='lat'>241</span> 
     </span>
    </p>
   </div>
   <div class='ocr_carea' id='block_1_2' title="bbox 74 295 1280 4677">
    <p class='ocr_par' dir='ltr' id='par_1_2' title="bbox 74 295 1280 4677">
     <span class='ocr_line' id='line_1_2' title="bbox 74 295 1280 386; baseline 0.002 -22"><span class='ocrx_word' id='word_1_2' title='bbox 74 300 123 364; x_wconf 87' lang='lat' dir='ltr'>nti</span> <span class='ocrx_word' id='word_1_3' title='bbox 144 319 256 366; x_wconf 88' lang='lat' dir='ltr'>amore</span> <span class='ocrx_word' id='word_1_4' title='bbox 270 319 358 386; x_wconf 33' lang='lat' dir='ltr'>,erga</span> <span class='ocrx_word' id='word_1_5' title='bbox 378 297 499 382; x_wconf 88' lang='lat' dir='ltr'>Deum,</span> <span class='ocrx_word' id='word_1_6' title='bbox 532 297 588 365; x_wconf 89' lang='lat' dir='ltr'>vel</span> <span class='ocrx_word' id='word_1_7' title='bbox 609 296 708 363; x_wconf 87' lang='lat' dir='ltr'>etiam</span> <span class='ocrx_word' id='word_1_8' title='bbox 727 317 806 383; x_wconf 88' lang='lat' dir='ltr'>erga</span> <span class='ocrx_word' id='word_1_9' title='bbox 826 297 1021 386; x_wconf 90' lang='lat' dir='ltr'>proximum,</span> <span class='ocrx_word' id='word_1_10' title='bbox 1045 295 1105 364; x_wconf 91' lang='lat' dir='ltr'>sed</span> <span class='ocrx_word' id='word_1_11' title='bbox 1126 319 1169 365; x_wconf 89' lang='lat' dir='ltr'>ex</span> <span class='ocrx_word' id='word_1_12' title='bbox 1188 320 1280 366; x_wconf 90' lang='lat' dir='ltr'>mera</span> 
     </span>
     <span class='ocr_line' id='line_1_3' title="bbox 86 400 1279 491; baseline 0.003 -23"><span class='ocrx_word' id='word_1_13' title='bbox 86 402 285 487; x_wconf 78' lang='lat' dir='ltr'>adulatione,</span> <span class='ocrx_word' id='word_1_14' title='bbox 309 403 403 490; x_wconf 89' lang='lat' dir='ltr'>quasi</span> <span class='ocrx_word' id='word_1_15' title='bbox 424 401 693 468; x_wconf 79' lang='lat' dir='ltr'>christianitatem</span> <span class='ocrx_word' id='word_1_16' title='bbox 707 421 820 467; x_wconf 87' lang='lat' dir='ltr'>veram</span> <span class='ocrx_word' id='word_1_17' title='bbox 841 400 976 488; x_wconf 80' lang='lat' dir='ltr'>perinde</span> <span class='ocrx_word' id='word_1_18' title='bbox 988 400 1126 491; x_wconf 89' lang='lat' dir='ltr'>probare</span> <span class='ocrx_word' id='word_1_19' title='bbox 1146 401 1279 484; x_wconf 90' lang='lat' dir='ltr'>vellent,</span> 
     </span>
     <span class='ocr_line' id='line_1_4' title="bbox 75 503 1279 595; baseline 0 -21"><span class='ocrx_word' id='word_1_20' title='bbox 75 529 152 595; x_wconf 89' lang='lat' dir='ltr'>gem</span> <span class='ocrx_word' id='word_1_21' title='bbox 174 507 342 574; x_wconf 90' lang='lat' dir='ltr'>dominum</span> <span class='ocrx_word' id='word_1_22' title='bbox 364 529 457 574; x_wconf 91' lang='lat' dir='ltr'>suum</span> <span class='ocrx_word' id='word_1_23' title='bbox 481 514 586 573; x_wconf 86' lang='lat' dir='ltr'>aetate</span> <span class='ocrx_word' id='word_1_24' title='bbox 613 506 777 594; x_wconf 87' lang='lat' dir='ltr'>juniorem</span> <span class='ocrx_word' id='word_1_25' title='bbox 797 503 841 571; x_wconf 86' lang='lat' dir='ltr'>ad</span> <span class='ocrx_word' id='word_1_26' title='bbox 863 504 926 571; x_wconf 88' lang='lat' dir='ltr'>sibi</span> <span class='ocrx_word' id='word_1_27' title='bbox 947 504 1124 571; x_wconf 90' lang='lat' dir='ltr'>favendum</span> <span class='ocrx_word' id='word_1_28' title='bbox 1144 527 1279 594; x_wconf 88' lang='lat' dir='ltr'>persua·</span> 
     </span>
     <span class='ocr_line' id='line_1_5' title="bbox 74 609 1280 702; baseline 0.002 -24"><span class='ocrx_word' id='word_1_29' title='bbox 74 622 108 693; x_wconf 83' lang='lat' dir='ltr'>st,</span> <span class='ocrx_word' id='word_1_30' title='bbox 133 634 172 679; x_wconf 91' lang='grc'>88</span> <span class='ocrx_word' id='word_1_31' title='bbox 194 611 418 697; x_wconf 82' lang='lat' dir='ltr'>intendebant,</span> <span class='ocrx_word' id='word_1_32' title='bbox 440 621 537 700; x_wconf 88' lang='lat' dir='ltr'>prout</span> <span class='ocrx_word' id='word_1_33' title='bbox 559 611 656 677; x_wconf 89' lang='lat' dir='ltr'>etiam</span> <span class='ocrx_word' id='word_1_34' title='bbox 686 609 729 676; x_wconf 90' lang='lat' dir='ltr'>ad</span> <span class='ocrx_word' id='word_1_35' title='bbox 761 609 843 676; x_wconf 88' lang='lat' dir='ltr'>haec</span> <span class='ocrx_word' id='word_1_36' title='bbox 863 632 987 699; x_wconf 89' lang='lat' dir='ltr'>pronus</span> <span class='ocrx_word' id='word_1_37' title='bbox 1008 611 1079 697; x_wconf 89' lang='grc'><strong>1811,</strong></span> <span class='ocrx_word' id='word_1_38' title='bbox 1111 613 1198 702; x_wconf 87' lang='grc' dir='ltr'>88οά</span> <span class='ocrx_word' id='word_1_39' title='bbox 1218 613 1280 681; x_wconf 84' lang='grc'><strong>181-</strong></span> 
     </span>
     <span class='ocr_line' id='line_1_6' title="bbox 74 713 1280 805; baseline 0.002 -23"><span class='ocrx_word' id='word_1_40' title='bbox 74 741 94 782; x_wconf 87' lang='grc'>8</span> <span class='ocrx_word' id='word_1_41' title='bbox 116 716 196 783; x_wconf 92' lang='lat' dir='ltr'>fidei</span> <span class='ocrx_word' id='word_1_42' title='bbox 218 724 350 782; x_wconf 87' lang='lat' dir='ltr'>sanctae</span> <span class='ocrx_word' id='word_1_43' title='bbox 375 726 407 783; x_wconf 90' lang='grc'>81</span> <span class='ocrx_word' id='word_1_44' title='bbox 428 715 598 803; x_wconf 82' lang='lat' dir='ltr'>religionis</span> <span class='ocrx_word' id='word_1_45' title='bbox 620 737 641 780; x_wconf 86' lang='lat' dir='ltr'>a</span> <span class='ocrx_word' id='word_1_46' title='bbox 661 713 826 800; x_wconf 72' lang='lat' dir='ltr'>magistris</span> <span class='ocrx_word' id='word_1_47' title='bbox 848 714 916 779; x_wconf 89' lang='grc'><strong>8818</strong></span> <span class='ocrx_word' id='word_1_48' title='bbox 931 714 1087 782; x_wconf 90' lang='lat' dir='ltr'>Romanis</span> <span class='ocrx_word' id='word_1_49' title='bbox 1109 715 1280 805; x_wconf 88' lang='lat' dir='ltr'>implanta-</span> 
     </span>
     <span class='ocr_line' id='line_1_7' title="bbox 74 819 1278 911; baseline 0.004 -25"><span class='ocrx_word' id='word_1_50' title='bbox 74 820 234 904; x_wconf 86' lang='lat' dir='ltr'>habuerit,</span> <span class='ocrx_word' id='word_1_51' title='bbox 257 822 313 908; x_wconf 91' lang='lat' dir='ltr'>qui</span> <span class='ocrx_word' id='word_1_52' title='bbox 334 819 470 908; x_wconf 89' lang='lat' dir='ltr'>perinde</span> <span class='ocrx_word' id='word_1_53' title='bbox 502 820 674 887; x_wconf 89' lang='lat' dir='ltr'>voluerunt</span> <span class='ocrx_word' id='word_1_54' title='bbox 700 821 901 908; x_wconf 79' lang='lat' dir='ltr'>impietatem</span> <span class='ocrx_word' id='word_1_55' title='bbox 930 843 1022 888; x_wconf 90' lang='lat' dir='ltr'>suam</span> <span class='ocrx_word' id='word_1_56' title='bbox 1043 830 1076 890; x_wconf 90' lang='lat' dir='ltr'>et</span> <span class='ocrx_word' id='word_1_57' title='bbox 1097 822 1162 889; x_wconf 88' lang='grc'><strong>8118</strong></span> <span class='ocrx_word' id='word_1_58' title='bbox 1182 825 1278 911; x_wconf 91' lang='lat' dir='ltr'>mala,</span> 
     </span>
     <span class='ocr_line' id='line_1_8' title="bbox 74 923 1280 1020; baseline 0.008 -30"><span class='ocrx_word' id='word_1_59' title='bbox 74 949 79 990; x_wconf 90' lang='lat'><strong>:</strong></span> <span class='ocrx_word' id='word_1_60' title='bbox 98 925 172 1014; x_wconf 89' lang='lat' dir='ltr'>jam</span> <span class='ocrx_word' id='word_1_61' title='bbox 194 924 273 1009; x_wconf 85' lang='lat' dir='ltr'>dixi,</span> <span class='ocrx_word' id='word_1_62' title='bbox 297 923 460 1010; x_wconf 86' lang='lat' dir='ltr'>obtegere,</span> <span class='ocrx_word' id='word_1_63' title='bbox 482 924 517 989; x_wconf 93' lang='lat' dir='ltr'>in</span> <span class='ocrx_word' id='word_1_64' title='bbox 540 923 656 1011; x_wconf 87' lang='lat' dir='ltr'>quibus</span> <span class='ocrx_word' id='word_1_65' title='bbox 672 925 744 1012; x_wconf 83' lang='lat' dir='ltr'>jam</span> <span class='ocrx_word' id='word_1_66' title='bbox 765 923 846 991; x_wconf 89' lang='lat' dir='ltr'>alias</span> <span class='ocrx_word' id='word_1_67' title='bbox 868 947 905 991; x_wconf 91' lang='grc'>88</span> <span class='ocrx_word' id='word_1_68' title='bbox 927 925 1057 994; x_wconf 89' lang='lat' dir='ltr'>domino</span> <span class='ocrx_word' id='word_1_69' title='bbox 1079 952 1139 997; x_wconf 91' lang='grc'>888</span> <span class='ocrx_word' id='word_1_70' title='bbox 1160 934 1231 1020; x_wconf 87' lang='lat' dir='ltr'>regi</span> <span class='ocrx_word' id='word_1_71' title='bbox 1247 941 1280 1002; x_wconf 89' lang='grc'>81</span> 
     </span>
     <span class='ocr_line' id='line_1_9' title="bbox 90 1026 1279 1120; baseline 0.008 -26"><span class='ocrx_word' id='word_1_72' title='bbox 90 1028 213 1117; x_wconf 92' lang='lat' dir='ltr'>populo</span> <span class='ocrx_word' id='word_1_73' title='bbox 236 1026 462 1111; x_wconf 89' lang='lat' dir='ltr'>exhibuerunt,</span> <span class='ocrx_word' id='word_1_74' title='bbox 496 1030 639 1094; x_wconf 82' lang='lat' dir='ltr'>maxime</span> <span class='ocrx_word' id='word_1_75' title='bbox 667 1029 702 1095; x_wconf 92' lang='lat' dir='ltr'>in</span> <span class='ocrx_word' id='word_1_76' title='bbox 734 1028 1004 1117; x_wconf 82' lang='lat' dir='ltr'>praecedentibus</span> <span class='ocrx_word' id='word_1_77' title='bbox 1036 1032 1214 1120; x_wconf 88' lang='lat' dir='ltr'>disturbiis,</span> <span class='ocrx_word' id='word_1_78' title='bbox 1237 1035 1279 1103; x_wconf 89' lang='grc'>(18</span> 
     </span>
     <span class='ocr_line' id='line_1_10' title="bbox 74 1132 1275 1225; baseline 0.007 -27"><span class='ocrx_word' id='word_1_79' title='bbox 74 1157 101 1199; x_wconf 87' lang='grc'>18</span> <span class='ocrx_word' id='word_1_80' title='bbox 127 1133 224 1199; x_wconf 92' lang='lat' dir='ltr'>modo</span> <span class='ocrx_word' id='word_1_81' title='bbox 246 1134 363 1218; x_wconf 89' lang='lat' dir='ltr'>agitur.</span> <span class='ocrx_word' id='word_1_82' title='bbox 406 1132 461 1198; x_wconf 94' lang='lat' dir='ltr'>Illi</span> <span class='ocrx_word' id='word_1_83' title='bbox 483 1134 570 1198; x_wconf 90' lang='lat' dir='ltr'>enim</span> <span class='ocrx_word' id='word_1_84' title='bbox 594 1132 794 1220; x_wconf 83' lang='lat' dir='ltr'>judicarunt,</span> <span class='ocrx_word' id='word_1_85' title='bbox 828 1134 916 1223; x_wconf 88' lang='lat' dir='ltr'>quod</span> <span class='ocrx_word' id='word_1_86' title='bbox 937 1157 1007 1201; x_wconf 88' lang='lat' dir='ltr'>rem</span> <span class='ocrx_word' id='word_1_87' title='bbox 1028 1136 1127 1205; x_wconf 89' lang='lat' dir='ltr'>valde</span> <span class='ocrx_word' id='word_1_88' title='bbox 1149 1148 1275 1225; x_wconf 85' lang='lat' dir='ltr'>gratam</span> 
     </span>
     <span class='ocr_line' id='line_1_11' title="bbox 74 1235 1277 1328; baseline 0.004 -25"><span class='ocrx_word' id='word_1_89' title='bbox 74 1236 352 1321; x_wconf 85' lang='lat' dir='ltr'>demonstrabunt,</span> <span class='ocrx_word' id='word_1_90' title='bbox 374 1235 515 1324; x_wconf 89' lang='lat' dir='ltr'>ideoque</span> <span class='ocrx_word' id='word_1_91' title='bbox 548 1235 698 1303; x_wconf 89' lang='lat' dir='ltr'>lubentes</span> <span class='ocrx_word' id='word_1_92' title='bbox 728 1259 840 1303; x_wconf 91' lang='lat' dir='ltr'>omnes</span> <span class='ocrx_word' id='word_1_93' title='bbox 874 1237 938 1328; x_wconf 89' lang='lat' dir='ltr'>sibi</span> <span class='ocrx_word' id='word_1_94' title='bbox 960 1237 1169 1308; x_wconf 84' lang='lat' dir='ltr'>adversantes</span> <span class='ocrx_word' id='word_1_95' title='bbox 1200 1264 1277 1308; x_wconf 89' lang='lat' dir='ltr'>con·</span> 
     </span>
     <span class='ocr_line' id='line_1_12' title="bbox 74 1340 1277 1434; baseline 0.003 -26"><span class='ocrx_word' id='word_1_96' title='bbox 74 1342 120 1408; x_wconf 78' lang='lat' dir='ltr'>eri</span> <span class='ocrx_word' id='word_1_97' title='bbox 141 1340 359 1425; x_wconf 87' lang='lat' dir='ltr'>mandassent,</span> <span class='ocrx_word' id='word_1_98' title='bbox 389 1349 425 1407; x_wconf 91' lang='lat' dir='ltr'>ut</span> <span class='ocrx_word' id='word_1_99' title='bbox 447 1343 577 1407; x_wconf 88' lang='lat' dir='ltr'>unicum</span> <span class='ocrx_word' id='word_1_100' title='bbox 600 1341 662 1408; x_wconf 93' lang='lat' dir='ltr'>hoc</span> <span class='ocrx_word' id='word_1_101' title='bbox 684 1343 719 1407; x_wconf 93' lang='lat' dir='ltr'>in</span> <span class='ocrx_word' id='word_1_102' title='bbox 742 1343 893 1409; x_wconf 88' lang='lat' dir='ltr'>effectum</span> <span class='ocrx_word' id='word_1_103' title='bbox 915 1342 1087 1428; x_wconf 89' lang='lat' dir='ltr'>deducant,</span> <span class='ocrx_word' id='word_1_104' title='bbox 1121 1345 1277 1434; x_wconf 81' lang='grc'><strong>888118-</strong></span> 
     </span>
     <span class='ocr_line' id='line_1_13' title="bbox 74 1443 1276 1534; baseline 0.006 -25"><span class='ocrx_word' id='word_1_105' title='bbox 74 1446 134 1513; x_wconf 61' lang='grc'><strong>1818</strong></span> <span class='ocrx_word' id='word_1_106' title='bbox 158 1467 270 1511; x_wconf 91' lang='lat' dir='ltr'>eorum</span> <span class='ocrx_word' id='word_1_107' title='bbox 291 1445 368 1529; x_wconf 81' lang='lat' dir='ltr'>fuit3</span> <span class='ocrx_word' id='word_1_108' title='bbox 401 1443 488 1532; x_wconf 91' lang='lat' dir='ltr'>quod</span> <span class='ocrx_word' id='word_1_109' title='bbox 510 1452 618 1510; x_wconf 87' lang='lat' dir='ltr'>autem</span> <span class='ocrx_word' id='word_1_110' title='bbox 651 1444 789 1512; x_wconf 87' lang='lat' dir='ltr'>antehac</span> <span class='ocrx_word' id='word_1_111' title='bbox 811 1445 872 1513; x_wconf 89' lang='lat' dir='ltr'>sub</span> <span class='ocrx_word' id='word_1_112' title='bbox 895 1469 973 1534; x_wconf 90' lang='lat' dir='ltr'>rege</span> <span class='ocrx_word' id='word_1_113' title='bbox 993 1446 1162 1515; x_wconf 90' lang='lat' dir='ltr'>Ludovico</span> <span class='ocrx_word' id='word_1_114' title='bbox 1194 1471 1276 1515; x_wconf 91' lang='grc'><strong>888-</strong></span> 
     </span>
     <span class='ocr_line' id='line_1_14' title="bbox 74 1551 1277 1642; baseline 0.002 -26"><span class='ocrx_word' id='word_1_115' title='bbox 74 1583 78 1616; x_wconf 70' lang='lat' dir='ltr'>r</span> <span class='ocrx_word' id='word_1_116' title='bbox 102 1558 399 1639; x_wconf 86' lang='lat' dir='ltr'>praesumpserunt,</span> <span class='ocrx_word' id='word_1_117' title='bbox 422 1557 458 1615; x_wconf 90' lang='grc'>81</span> <span class='ocrx_word' id='word_1_118' title='bbox 479 1558 588 1616; x_wconf 89' lang='grc'><strong>188188</strong></span> <span class='ocrx_word' id='word_1_119' title='bbox 610 1551 778 1636; x_wconf 84' lang='lat' dir='ltr'>sanguinis</span> <span class='ocrx_word' id='word_1_120' title='bbox 792 1552 958 1618; x_wconf 88' lang='lat' dir='ltr'>effusionis</span> <span class='ocrx_word' id='word_1_121' title='bbox 981 1574 1080 1619; x_wconf 90' lang='grc'><strong>88888</strong></span> <span class='ocrx_word' id='word_1_122' title='bbox 1102 1553 1177 1637; x_wconf 88' lang='grc'><strong>8181,</strong></span> <span class='ocrx_word' id='word_1_123' title='bbox 1201 1556 1277 1642; x_wconf 89' lang='grc'><strong>8818</strong></span> 
     </span>
     <span class='ocr_line' id='line_1_15' title="bbox 74 1653 1275 1744; baseline 0.002 -23"><span class='ocrx_word' id='word_1_124' title='bbox 74 1655 247 1722; x_wconf 64' lang='lat' dir='ltr'>&#39;rudovicus</span> <span class='ocrx_word' id='word_1_125' title='bbox 270 1663 336 1719; x_wconf 89' lang='lat' dir='ltr'>tam</span> <span class='ocrx_word' id='word_1_126' title='bbox 357 1675 480 1742; x_wconf 87' lang='lat' dir='ltr'>pronus</span> <span class='ocrx_word' id='word_1_127' title='bbox 501 1675 567 1719; x_wconf 92' lang='grc'>888</span> <span class='ocrx_word' id='word_1_128' title='bbox 588 1653 694 1720; x_wconf 86' lang='grc'><strong>188181</strong></span> <span class='ocrx_word' id='word_1_129' title='bbox 715 1654 757 1721; x_wconf 88' lang='lat' dir='ltr'>ad</span> <span class='ocrx_word' id='word_1_130' title='bbox 789 1654 1051 1744; x_wconf 86' lang='lat' dir='ltr'>profundendum</span> <span class='ocrx_word' id='word_1_131' title='bbox 1074 1658 1275 1744; x_wconf 89' lang='lat' dir='ltr'>sanguinem.</span> 
     </span>
     <span class='ocr_line' id='line_1_16' title="bbox 94 1757 1275 1854; baseline 0.005 -27"><span class='ocrx_word' id='word_1_132' title='bbox 94 1760 198 1827; x_wconf 91' lang='lat' dir='ltr'>solum</span> <span class='ocrx_word' id='word_1_133' title='bbox 219 1758 360 1843; x_wconf 85' lang='lat' dir='ltr'>admisit,</span> <span class='ocrx_word' id='word_1_134' title='bbox 392 1757 478 1846; x_wconf 91' lang='lat' dir='ltr'>quod</span> <span class='ocrx_word' id='word_1_135' title='bbox 500 1767 547 1824; x_wconf 89' lang='lat' dir='ltr'>tot</span> <span class='ocrx_word' id='word_1_136' title='bbox 568 1780 589 1824; x_wconf 91' lang='lat' dir='ltr'>a</span> <span class='ocrx_word' id='word_1_137' title='bbox 611 1760 743 1826; x_wconf 88' lang='lat' dir='ltr'>civitate</span> <span class='ocrx_word' id='word_1_138' title='bbox 773 1759 1000 1847; x_wconf 84' lang='lat' dir='ltr'>relegaverint</span> <span class='ocrx_word' id='word_1_139' title='bbox 1044 1761 1127 1830; x_wconf 88' lang='lat' dir='ltr'>Inde</span> <span class='ocrx_word' id='word_1_140' title='bbox 1147 1774 1275 1854; x_wconf 90' lang='lat' dir='ltr'>tempus</span> 
     </span>
     <span class='ocr_line' id='line_1_17' title="bbox 96 1862 1274 1953; baseline 0.006 -22"><span class='ocrx_word' id='word_1_141' title='bbox 96 1872 335 1953; x_wconf 83' lang='lat' dir='ltr'>exspectarunt,</span> <span class='ocrx_word' id='word_1_142' title='bbox 358 1872 394 1930; x_wconf 90' lang='grc'>81</span> <span class='ocrx_word' id='word_1_143' title='bbox 414 1862 615 1950; x_wconf 88' lang='lat' dir='ltr'>adimpleant</span> <span class='ocrx_word' id='word_1_144' title='bbox 637 1885 731 1930; x_wconf 91' lang='lat' dir='ltr'>suum</span> <span class='ocrx_word' id='word_1_145' title='bbox 751 1865 872 1930; x_wconf 91' lang='lat' dir='ltr'>malum</span> <span class='ocrx_word' id='word_1_146' title='bbox 894 1862 1091 1934; x_wconf 90' lang='lat' dir='ltr'>desiderium</span> <span class='ocrx_word' id='word_1_147' title='bbox 1113 1891 1187 1936; x_wconf 92' lang='lat' dir='ltr'>cum</span> <span class='ocrx_word' id='word_1_148' title='bbox 1203 1893 1274 1938; x_wconf 88' lang='lat' dir='ltr'>ma·</span> 
     </span>
     <span class='ocr_line' id='line_1_18' title="bbox 75 1960 1274 2063; baseline 0.008 -29"><span class='ocrx_word' id='word_1_149' title='bbox 75 1992 91 2034; x_wconf 90' lang='lat' dir='ltr'>s</span> <span class='ocrx_word' id='word_1_150' title='bbox 113 1971 182 2035; x_wconf 89' lang='lat' dir='ltr'>snis</span> <span class='ocrx_word' id='word_1_151' title='bbox 204 1960 344 2053; x_wconf 78' lang='lat' dir='ltr'>clericis,</span> <span class='ocrx_word' id='word_1_152' title='bbox 367 1990 431 2055; x_wconf 89' lang='grc'>888</span> <span class='ocrx_word' id='word_1_153' title='bbox 443 1967 571 2033; x_wconf 76' lang='lat' dir='ltr'>facibus</span> <span class='ocrx_word' id='word_1_154' title='bbox 591 1991 653 2057; x_wconf 92' lang='lat' dir='ltr'>per</span> <span class='ocrx_word' id='word_1_155' title='bbox 667 1969 732 2035; x_wconf 89' lang='lat' dir='ltr'>tale</span> <span class='ocrx_word' id='word_1_156' title='bbox 753 1972 885 2058; x_wconf 84' lang='lat' dir='ltr'>tyranni</span> <span class='ocrx_word' id='word_1_157' title='bbox 896 1968 1040 2037; x_wconf 84' lang='lat' dir='ltr'>officium</span> <span class='ocrx_word' id='word_1_158' title='bbox 1051 1974 1140 2061; x_wconf 88' lang='lat' dir='ltr'>apud</span> <span class='ocrx_word' id='word_1_159' title='bbox 1162 1998 1274 2063; x_wconf 89' lang='lat' dir='ltr'>regem</span> 
     </span>
     <span class='ocr_line' id='line_1_19' title="bbox 74 2072 1272 2163; baseline 0.009 -23"><span class='ocrx_word' id='word_1_160' title='bbox 74 2097 123 2140; x_wconf 90' lang='lat' dir='ltr'>em</span> <span class='ocrx_word' id='word_1_161' title='bbox 156 2077 325 2163; x_wconf 88' lang='lat' dir='ltr'>acquirere</span> <span class='ocrx_word' id='word_1_162' title='bbox 356 2073 493 2162; x_wconf 89' lang='lat' dir='ltr'>possint,</span> <span class='ocrx_word' id='word_1_163' title='bbox 527 2081 560 2139; x_wconf 90' lang='lat' dir='ltr'>et</span> <span class='ocrx_word' id='word_1_164' title='bbox 581 2072 624 2139; x_wconf 90' lang='lat' dir='ltr'>ad</span> <span class='ocrx_word' id='word_1_165' title='bbox 642 2075 783 2161; x_wconf 89' lang='lat' dir='ltr'>rigorem</span> <span class='ocrx_word' id='word_1_166' title='bbox 817 2096 891 2140; x_wconf 89' lang='grc'><strong>8818</strong></span> <span class='ocrx_word' id='word_1_167' title='bbox 912 2075 1048 2143; x_wconf 88' lang='lat' dir='ltr'>incitent</span> <span class='ocrx_word' id='word_1_168' title='bbox 1078 2090 1191 2149; x_wconf 90' lang='lat' dir='ltr'>contra</span> <span class='ocrx_word' id='word_1_169' title='bbox 1212 2082 1272 2151; x_wconf 88' lang='lat' dir='ltr'>ad-</span> 
     </span>
     <span class='ocr_line' id='line_1_20' title="bbox 74 2175 1272 2273; baseline 0.008 -29"><span class='ocrx_word' id='word_1_170' title='bbox 74 2201 108 2244; x_wconf 91' lang='lat' dir='ltr'>m</span> <span class='ocrx_word' id='word_1_171' title='bbox 131 2179 195 2246; x_wconf 90' lang='lat' dir='ltr'>sibi</span> <span class='ocrx_word' id='word_1_172' title='bbox 217 2189 353 2268; x_wconf 88' lang='lat' dir='ltr'>partem,</span> <span class='ocrx_word' id='word_1_173' title='bbox 376 2184 475 2266; x_wconf 89' lang='lat' dir='ltr'>prout</span> <span class='ocrx_word' id='word_1_174' title='bbox 494 2175 569 2242; x_wconf 91' lang='lat' dir='ltr'>illos</span> <span class='ocrx_word' id='word_1_175' title='bbox 591 2176 684 2262; x_wconf 89' lang='lat' dir='ltr'>false,</span> <span class='ocrx_word' id='word_1_176' title='bbox 706 2177 928 2246; x_wconf 87' lang='lat' dir='ltr'>fraudulenter</span> <span class='ocrx_word' id='word_1_177' title='bbox 942 2191 974 2247; x_wconf 94' lang='grc'>81</span> <span class='ocrx_word' id='word_1_178' title='bbox 996 2184 1066 2250; x_wconf 90' lang='grc'><strong>8188</strong></span> <span class='ocrx_word' id='word_1_179' title='bbox 1079 2186 1272 2273; x_wconf 90' lang='lat' dir='ltr'>probatione</span> 
     </span>
     <span class='ocr_line' id='line_1_21' title="bbox 74 2281 1272 2370; baseline 0.009 -21"><span class='ocrx_word' id='word_1_180' title='bbox 74 2283 245 2350; x_wconf 79' lang='lat' dir='ltr'>.’iclrhartis</span> <span class='ocrx_word' id='word_1_181' title='bbox 267 2290 448 2370; x_wconf 82' lang='lat' dir='ltr'>gesserunt,</span> <span class='ocrx_word' id='word_1_182' title='bbox 470 2288 504 2347; x_wconf 91' lang='lat' dir='ltr'>et</span> <span class='ocrx_word' id='word_1_183' title='bbox 523 2303 583 2368; x_wconf 93' lang='lat' dir='ltr'>pro</span> <span class='ocrx_word' id='word_1_184' title='bbox 605 2281 723 2348; x_wconf 88' lang='lat' dir='ltr'>talibus</span> <span class='ocrx_word' id='word_1_185' title='bbox 744 2284 780 2348; x_wconf 94' lang='lat' dir='ltr'>in</span> <span class='ocrx_word' id='word_1_186' title='bbox 802 2305 910 2349; x_wconf 91' lang='lat' dir='ltr'>errore</span> <span class='ocrx_word' id='word_1_187' title='bbox 931 2307 970 2351; x_wconf 90' lang='grc'>88</span> <span class='ocrx_word' id='word_1_188' title='bbox 992 2287 1119 2356; x_wconf 86' lang='lat' dir='ltr'>haeresi</span> <span class='ocrx_word' id='word_1_189' title='bbox 1140 2314 1272 2360; x_wconf 87' lang='lat' dir='ltr'>versan-</span> 
     </span>
     <span class='ocr_line' id='line_1_22' title="bbox 86 2384 1272 2475; baseline 0.009 -21"><span class='ocrx_word' id='word_1_190' title='bbox 86 2388 283 2471; x_wconf 85' lang='lat' dir='ltr'>hominibus,</span> <span class='ocrx_word' id='word_1_191' title='bbox 304 2390 339 2453; x_wconf 92' lang='lat' dir='ltr'>in</span> <span class='ocrx_word' id='word_1_192' title='bbox 361 2387 470 2454; x_wconf 90' lang='lat' dir='ltr'>odium</span> <span class='ocrx_word' id='word_1_193' title='bbox 485 2396 518 2452; x_wconf 91' lang='grc'>81</span> <span class='ocrx_word' id='word_1_194' title='bbox 531 2384 747 2475; x_wconf 91' lang='lat' dir='ltr'>perditionem</span> <span class='ocrx_word' id='word_1_195' title='bbox 758 2387 832 2453; x_wconf 90' lang='lat' dir='ltr'>illos</span> <span class='ocrx_word' id='word_1_196' title='bbox 847 2387 1008 2456; x_wconf 88' lang='lat' dir='ltr'>deducere</span> <span class='ocrx_word' id='word_1_197' title='bbox 1022 2391 1169 2461; x_wconf 88' lang='lat' dir='ltr'>volentes</span> <span class='ocrx_word' id='word_1_198' title='bbox 1177 2420 1186 2474; x_wconf 85' lang='lat'>3</span> <span class='ocrx_word' id='word_1_199' title='bbox 1210 2397 1272 2465; x_wconf 92' lang='lat' dir='ltr'>hoc</span> 
     </span>
     <span class='ocr_line' id='line_1_23' title="bbox 74 2490 1272 2588; baseline 0.008 -29"><span class='ocrx_word' id='word_1_200' title='bbox 74 2517 84 2559; x_wconf 88' lang='lat' dir='ltr'>r</span> <span class='ocrx_word' id='word_1_201' title='bbox 105 2517 173 2560; x_wconf 93' lang='grc'>888</span> <span class='ocrx_word' id='word_1_202' title='bbox 188 2493 412 2577; x_wconf 86' lang='lat' dir='ltr'>observarunt,</span> <span class='ocrx_word' id='word_1_203' title='bbox 437 2491 524 2580; x_wconf 91' lang='lat' dir='ltr'>quod</span> <span class='ocrx_word' id='word_1_204' title='bbox 538 2490 670 2580; x_wconf 88' lang='lat' dir='ltr'>ipsimet</span> <span class='ocrx_word' id='word_1_205' title='bbox 684 2494 754 2558; x_wconf 90' lang='lat' dir='ltr'>sine</span> <span class='ocrx_word' id='word_1_206' title='bbox 770 2491 933 2559; x_wconf 89' lang='lat' dir='ltr'>erroribus</span> <span class='ocrx_word' id='word_1_207' title='bbox 956 2492 1016 2582; x_wconf 90' lang='lat' dir='ltr'>(ita</span> <span class='ocrx_word' id='word_1_208' title='bbox 1030 2495 1153 2585; x_wconf 90' lang='lat' dir='ltr'>loquor,</span> <span class='ocrx_word' id='word_1_209' title='bbox 1175 2511 1272 2588; x_wconf 93' lang='lat' dir='ltr'>prout</span> 
     </span>
     <span class='ocr_line' id='line_1_24' title="bbox 74 2597 1271 2693; baseline 0.004 -25"><span class='ocrx_word' id='word_1_210' title='bbox 74 2623 89 2668; x_wconf 88' lang='lat' dir='ltr'>e</span> <span class='ocrx_word' id='word_1_211' title='bbox 111 2624 148 2667; x_wconf 93' lang='lat' dir='ltr'>se</span> <span class='ocrx_word' id='word_1_212' title='bbox 170 2603 251 2690; x_wconf 91' lang='lat' dir='ltr'>ipsis</span> <span class='ocrx_word' id='word_1_213' title='bbox 268 2601 473 2689; x_wconf 87' lang='lat' dir='ltr'>judicabant)</span> <span class='ocrx_word' id='word_1_214' title='bbox 507 2598 694 2667; x_wconf 88' lang='lat' dir='ltr'>immediate</span> <span class='ocrx_word' id='word_1_215' title='bbox 717 2618 815 2685; x_wconf 83' lang='lat' dir='ltr'>supra</span> <span class='ocrx_word' id='word_1_216' title='bbox 844 2597 952 2683; x_wconf 89' lang='lat' dir='ltr'>ipsum</span> <span class='ocrx_word' id='word_1_217' title='bbox 980 2600 1146 2669; x_wconf 84' lang='lat' dir='ltr'>infernum</span> <span class='ocrx_word' id='word_1_218' title='bbox 1172 2605 1271 2693; x_wconf 85' lang='lat' dir='ltr'>juxta</span> 
     </span>
     <span class='ocr_line' id='line_1_25' title="bbox 74 2701 1270 2797; baseline 0.002 -24"><span class='ocrx_word' id='word_1_219' title='bbox 74 2729 169 2773; x_wconf 85' lang='lat' dir='ltr'>uram</span> <span class='ocrx_word' id='word_1_220' title='bbox 198 2727 325 2772; x_wconf 89' lang='lat' dir='ltr'>sacram</span> <span class='ocrx_word' id='word_1_221' title='bbox 357 2704 528 2772; x_wconf 89' lang='grc'><strong>8181188818</strong></span> <span class='ocrx_word' id='word_1_222' title='bbox 561 2725 654 2770; x_wconf 87' lang='lat' dir='ltr'>suam</span> <span class='ocrx_word' id='word_1_223' title='bbox 683 2701 918 2784; x_wconf 88' lang='lat' dir='ltr'>constituerint,</span> <span class='ocrx_word' id='word_1_224' title='bbox 947 2711 1060 2791; x_wconf 90' lang='lat' dir='ltr'>utpote</span> <span class='ocrx_word' id='word_1_225' title='bbox 1090 2705 1191 2792; x_wconf 87' lang='lat' dir='ltr'>tales,</span> <span class='ocrx_word' id='word_1_226' title='bbox 1215 2710 1270 2797; x_wconf 92' lang='lat' dir='ltr'>qui</span> 
     </span>
     <span class='ocr_line' id='line_1_26' title="bbox 74 2806 1266 2896; baseline 0.003 -20"><span class='ocrx_word' id='word_1_227' title='bbox 74 2810 158 2876; x_wconf 77' lang='lat' dir='ltr'>omni</span> <span class='ocrx_word' id='word_1_228' title='bbox 190 2808 426 2876; x_wconf 89' lang='lat' dir='ltr'>deliberatione</span> <span class='ocrx_word' id='word_1_229' title='bbox 446 2809 524 2893; x_wconf 86' lang='lat' dir='ltr'>vim,</span> <span class='ocrx_word' id='word_1_230' title='bbox 554 2807 707 2896; x_wconf 88' lang='lat' dir='ltr'>injuriam</span> <span class='ocrx_word' id='word_1_231' title='bbox 739 2815 772 2872; x_wconf 89' lang='lat' dir='ltr'>et</span> <span class='ocrx_word' id='word_1_232' title='bbox 793 2806 985 2895; x_wconf 87' lang='lat' dir='ltr'>injustitiam</span> <span class='ocrx_word' id='word_1_233' title='bbox 1016 2808 1175 2896; x_wconf 88' lang='lat' dir='ltr'>proximis</span> <span class='ocrx_word' id='word_1_234' title='bbox 1198 2813 1266 2880; x_wconf 88' lang='lat' dir='ltr'>suis</span> 
     </span>
     <span class='ocr_line' id='line_1_27' title="bbox 76 2910 1268 3001; baseline 0.003 -21"><span class='ocrx_word' id='word_1_235' title='bbox 76 2937 94 2980; x_wconf 93' lang='lat' dir='ltr'>e</span> <span class='ocrx_word' id='word_1_236' title='bbox 116 2915 189 2979; x_wconf 91' lang='lat' dir='ltr'>ausi</span> <span class='ocrx_word' id='word_1_237' title='bbox 210 2913 350 2982; x_wconf 87' lang='lat' dir='ltr'>fuerunt.</span> <span class='ocrx_word' id='word_1_238' title='bbox 393 2914 537 3001; x_wconf 90' lang='lat' dir='ltr'>Ideoque</span> <span class='ocrx_word' id='word_1_239' title='bbox 565 2934 651 2978; x_wconf 89' lang='grc'><strong>8888</strong></span> <span class='ocrx_word' id='word_1_240' title='bbox 681 2911 852 2979; x_wconf 78' lang='grc'><strong>11881528</strong></span> <span class='ocrx_word' id='word_1_241' title='bbox 886 2910 939 2977; x_wconf 91' lang='lat' dir='ltr'>die</span> <span class='ocrx_word' id='word_1_242' title='bbox 961 2910 1099 2979; x_wconf 88' lang='lat' dir='ltr'>Veneris</span> <span class='ocrx_word' id='word_1_243' title='bbox 1128 2915 1268 2984; x_wconf 87' lang='grc'><strong>1818818</strong></span> 
     </span>
     <span class='ocr_line' id='line_1_28' title="bbox 74 3017 1267 3107; baseline 0.004 -23"><span class='ocrx_word' id='word_1_244' title='bbox 74 3020 87 3084; x_wconf 90' lang='grc'>1</span> <span class='ocrx_word' id='word_1_245' title='bbox 101 3018 279 3103; x_wconf 86' lang='lat' dir='ltr'>Augustini</span> <span class='ocrx_word' id='word_1_246' title='bbox 301 3017 397 3084; x_wconf 89' lang='lat' dir='ltr'>educi</span> <span class='ocrx_word' id='word_1_247' title='bbox 414 3020 585 3106; x_wconf 86' lang='lat' dir='ltr'>jusserunt</span> <span class='ocrx_word' id='word_1_248' title='bbox 600 3021 717 3084; x_wconf 90' lang='lat' dir='ltr'>iterum</span> <span class='ocrx_word' id='word_1_249' title='bbox 734 3041 777 3085; x_wconf 88' lang='lat' dir='ltr'>ex</span> <span class='ocrx_word' id='word_1_250' title='bbox 792 3017 976 3084; x_wconf 87' lang='lat' dir='ltr'>carceribus</span> <span class='ocrx_word' id='word_1_251' title='bbox 994 3017 1076 3086; x_wconf 89' lang='grc'><strong>(1888</strong></span> <span class='ocrx_word' id='word_1_252' title='bbox 1087 3041 1267 3107; x_wconf 89' lang='lat' dir='ltr'>germanos,</span> 
     </span>
     <span class='ocr_line' id='line_1_29' title="bbox 95 3120 1268 3211; baseline 0.004 -23"><span class='ocrx_word' id='word_1_253' title='bbox 95 3122 309 3208; x_wconf 91' lang='lat' dir='ltr'>lagenarium,</span> <span class='ocrx_word' id='word_1_254' title='bbox 334 3131 366 3188; x_wconf 90' lang='grc'>81</span> <span class='ocrx_word' id='word_1_255' title='bbox 387 3123 525 3190; x_wconf 90' lang='lat' dir='ltr'>alterum</span> <span class='ocrx_word' id='word_1_256' title='bbox 547 3123 762 3210; x_wconf 90' lang='lat' dir='ltr'>cingularium</span> <span class='ocrx_word' id='word_1_257' title='bbox 784 3121 827 3188; x_wconf 91' lang='lat' dir='ltr'>ad</span> <span class='ocrx_word' id='word_1_258' title='bbox 849 3120 1054 3211; x_wconf 90' lang='lat' dir='ltr'>supplicium,</span> <span class='ocrx_word' id='word_1_259' title='bbox 1083 3134 1119 3191; x_wconf 88' lang='grc'>81</span> <span class='ocrx_word' id='word_1_260' title='bbox 1139 3126 1268 3195; x_wconf 89' lang='lat' dir='ltr'>combu-</span> 
     </span>
     <span class='ocr_line' id='line_1_30' title="bbox 74 3225 1266 3316; baseline 0.004 -23"><span class='ocrx_word' id='word_1_261' title='bbox 74 3250 94 3310; x_wconf 91' lang='lat' dir='ltr'>r,</span> <span class='ocrx_word' id='word_1_262' title='bbox 119 3226 321 3312; x_wconf 89' lang='lat' dir='ltr'>lagenarium</span> <span class='ocrx_word' id='word_1_263' title='bbox 343 3225 485 3314; x_wconf 91' lang='lat' dir='ltr'>quidem,</span> <span class='ocrx_word' id='word_1_264' title='bbox 516 3229 592 3315; x_wconf 90' lang='grc'><strong>8818</strong></span> <span class='ocrx_word' id='word_1_265' title='bbox 614 3248 649 3293; x_wconf 89' lang='grc'>88</span> <span class='ocrx_word' id='word_1_266' title='bbox 670 3225 865 3314; x_wconf 84' lang='lat' dir='ltr'>rebaptisari</span> <span class='ocrx_word' id='word_1_267' title='bbox 887 3226 1021 3310; x_wconf 89' lang='lat' dir='ltr'>curavit,</span> <span class='ocrx_word' id='word_1_268' title='bbox 1051 3228 1266 3316; x_wconf 79' lang='lat' dir='ltr'>singularium</span> 
     </span>
     <span class='ocr_line' id='line_1_31' title="bbox 84 3328 1266 3418; baseline 0.006 -23"><span class='ocrx_word' id='word_1_269' title='bbox 84 3333 162 3418; x_wconf 90' lang='lat' dir='ltr'>quia</span> <span class='ocrx_word' id='word_1_270' title='bbox 185 3330 234 3417; x_wconf 92' lang='lat' dir='ltr'>(ut</span> <span class='ocrx_word' id='word_1_271' title='bbox 256 3330 387 3418; x_wconf 89' lang='lat' dir='ltr'>quidam</span> <span class='ocrx_word' id='word_1_272' title='bbox 417 3352 548 3398; x_wconf 88' lang='lat' dir='ltr'>oausam</span> <span class='ocrx_word' id='word_1_273' title='bbox 577 3330 753 3414; x_wconf 89' lang='lat' dir='ltr'>dederunt)</span> <span class='ocrx_word' id='word_1_274' title='bbox 774 3328 978 3397; x_wconf 89' lang='lat' dir='ltr'>Lutheranus</span> <span class='ocrx_word' id='word_1_275' title='bbox 1006 3331 1077 3398; x_wconf 85' lang='grc'><strong>1811</strong></span> <span class='ocrx_word' id='word_1_276' title='bbox 1120 3334 1167 3401; x_wconf 94' lang='lat' dir='ltr'>Hi</span> <span class='ocrx_word' id='word_1_277' title='bbox 1189 3334 1266 3401; x_wconf 90' lang='lat' dir='ltr'>dum</span> 
     </span>
     <span class='ocr_line' id='line_1_32' title="bbox 75 3434 1265 3523; baseline 0.005 -22"><span class='ocrx_word' id='word_1_278' title='bbox 75 3443 196 3519; x_wconf 89' lang='lat' dir='ltr'>rentur,</span> <span class='ocrx_word' id='word_1_279' title='bbox 219 3436 384 3523; x_wconf 88' lang='lat' dir='ltr'>apparitor</span> <span class='ocrx_word' id='word_1_280' title='bbox 406 3437 581 3502; x_wconf 83' lang='lat' dir='ltr'>commissa</span> <span class='ocrx_word' id='word_1_281' title='bbox 594 3435 722 3501; x_wconf 90' lang='lat' dir='ltr'>illorum</span> <span class='ocrx_word' id='word_1_282' title='bbox 734 3434 958 3523; x_wconf 88' lang='lat' dir='ltr'>proclamavit,</span> <span class='ocrx_word' id='word_1_283' title='bbox 980 3437 1158 3505; x_wconf 88' lang='grc'><strong>888181888</strong></span> <span class='ocrx_word' id='word_1_284' title='bbox 1180 3440 1265 3507; x_wconf 88' lang='lat' dir='ltr'>blas·</span> 
     </span>
     <span class='ocr_line' id='line_1_33' title="bbox 74 3537 1264 3628; baseline 0.007 -25"><span class='ocrx_word' id='word_1_285' title='bbox 74 3561 119 3623; x_wconf 87' lang='lat' dir='ltr'>os,</span> <span class='ocrx_word' id='word_1_286' title='bbox 143 3547 175 3603; x_wconf 94' lang='grc'>81</span> <span class='ocrx_word' id='word_1_287' title='bbox 197 3537 283 3626; x_wconf 93' lang='lat' dir='ltr'>quod</span> <span class='ocrx_word' id='word_1_288' title='bbox 305 3540 347 3605; x_wconf 93' lang='grc'>(18</span> <span class='ocrx_word' id='word_1_289' title='bbox 369 3539 651 3607; x_wconf 76' lang='grc' dir='ltr'><strong>01111818Ι1818188</strong></span> <span class='ocrx_word' id='word_1_290' title='bbox 675 3550 708 3606; x_wconf 90' lang='grc'>81</span> <span class='ocrx_word' id='word_1_291' title='bbox 727 3541 770 3607; x_wconf 91' lang='grc'>(18</span> <span class='ocrx_word' id='word_1_292' title='bbox 791 3541 895 3608; x_wconf 90' lang='grc' dir='ltr'><strong>Β8818</strong></span> <span class='ocrx_word' id='word_1_293' title='bbox 909 3541 1046 3628; x_wconf 90' lang='lat' dir='ltr'>Virgine</span> <span class='ocrx_word' id='word_1_294' title='bbox 1056 3541 1161 3609; x_wconf 91' lang='lat' dir='ltr'>Maria</span> <span class='ocrx_word' id='word_1_295' title='bbox 1182 3544 1264 3611; x_wconf 92' lang='lat' dir='ltr'>nihil</span> 
     </span>
     <span class='ocr_line' id='line_1_34' title="bbox 74 3644 1262 3730; baseline 0.004 -21"><span class='ocrx_word' id='word_1_296' title='bbox 74 3645 172 3710; x_wconf 88' lang='lat' dir='ltr'>lerint</span> <span class='ocrx_word' id='word_1_297' title='bbox 194 3653 226 3710; x_wconf 89' lang='grc'>81</span> <span class='ocrx_word' id='word_1_298' title='bbox 248 3666 304 3709; x_wconf 89' lang='grc'>888</span> <span class='ocrx_word' id='word_1_299' title='bbox 325 3666 392 3710; x_wconf 91' lang='grc'>888</span> <span class='ocrx_word' id='word_1_300' title='bbox 413 3644 651 3730; x_wconf 87' lang='lat' dir='ltr'>honoraverint,</span> <span class='ocrx_word' id='word_1_301' title='bbox 675 3653 708 3712; x_wconf 89' lang='lat' dir='ltr'>et</span> <span class='ocrx_word' id='word_1_302' title='bbox 728 3645 792 3712; x_wconf 89' lang='grc'><strong>8118</strong></span> <span class='ocrx_word' id='word_1_303' title='bbox 807 3645 908 3712; x_wconf 89' lang='lat' dir='ltr'>multa</span> <span class='ocrx_word' id='word_1_304' title='bbox 930 3648 1049 3713; x_wconf 91' lang='lat' dir='ltr'>mirum</span> <span class='ocrx_word' id='word_1_305' title='bbox 1071 3647 1105 3712; x_wconf 89' lang='grc'>18</span> <span class='ocrx_word' id='word_1_306' title='bbox 1128 3647 1262 3714; x_wconf 92' lang='lat' dir='ltr'>modum</span> 
     </span>
     <span class='ocr_line' id='line_1_35' title="bbox 74 3749 1263 3839; baseline 0.003 -24"><span class='ocrx_word' id='word_1_307' title='bbox 74 3752 158 3815; x_wconf 89' lang='lat' dir='ltr'>itata</span> <span class='ocrx_word' id='word_1_308' title='bbox 179 3757 211 3815; x_wconf 89' lang='grc'>81</span> <span class='ocrx_word' id='word_1_309' title='bbox 243 3749 381 3814; x_wconf 88' lang='lat' dir='ltr'>conficta</span> <span class='ocrx_word' id='word_1_310' title='bbox 408 3749 551 3837; x_wconf 88' lang='lat' dir='ltr'>protulit,</span> <span class='ocrx_word' id='word_1_311' title='bbox 582 3749 869 3836; x_wconf 89' lang='lat' dir='ltr'>proclamationem</span> <span class='ocrx_word' id='word_1_312' title='bbox 891 3772 982 3815; x_wconf 90' lang='lat' dir='ltr'>suam</span> <span class='ocrx_word' id='word_1_313' title='bbox 1015 3749 1142 3834; x_wconf 89' lang='lat' dir='ltr'>finiens,</span> <span class='ocrx_word' id='word_1_314' title='bbox 1175 3751 1263 3839; x_wconf 92' lang='lat' dir='ltr'>quod</span> 
     </span>
     <span class='ocr_line' id='line_1_36' title="bbox 75 3851 1263 3942; baseline 0.002 -22"><span class='ocrx_word' id='word_1_315' title='bbox 75 3876 98 3920; x_wconf 88' lang='grc'>8</span> <span class='ocrx_word' id='word_1_316' title='bbox 119 3861 251 3942; x_wconf 89' lang='lat' dir='ltr'>propter</span> <span class='ocrx_word' id='word_1_317' title='bbox 272 3851 393 3918; x_wconf 87' lang='lat' dir='ltr'>munda</span> <span class='ocrx_word' id='word_1_318' title='bbox 416 3852 516 3919; x_wconf 86' lang='lat' dir='ltr'>corda</span> <span class='ocrx_word' id='word_1_319' title='bbox 537 3855 672 3921; x_wconf 87' lang='lat' dir='ltr'>omittat.</span> <span class='ocrx_word' id='word_1_320' title='bbox 705 3854 750 3920; x_wconf 94' lang='lat' dir='ltr'>Hi</span> <span class='ocrx_word' id='word_1_321' title='bbox 772 3875 850 3921; x_wconf 90' lang='lat' dir='ltr'>vero</span> <span class='ocrx_word' id='word_1_322' title='bbox 873 3853 982 3920; x_wconf 89' lang='lat' dir='ltr'>educti</span> <span class='ocrx_word' id='word_1_323' title='bbox 1002 3853 1263 3922; x_wconf 82' lang='lat' dir='ltr'>lamentabantur</span> 
     </span>
     <span class='ocr_line' id='line_1_37' title="bbox 74 3956 1262 4048; baseline 0.002 -24"><span class='ocrx_word' id='word_1_324' title='bbox 74 4011 76 4031; x_wconf 87' lang='lat'>.</span> <span class='ocrx_word' id='word_1_325' title='bbox 112 3957 198 4046; x_wconf 92' lang='lat' dir='ltr'>quod</span> <span class='ocrx_word' id='word_1_326' title='bbox 221 3957 263 4023; x_wconf 93' lang='lat' dir='ltr'>de</span> <span class='ocrx_word' id='word_1_327' title='bbox 284 3956 455 4025; x_wconf 87' lang='lat' dir='ltr'>bohemica</span> <span class='ocrx_word' id='word_1_328' title='bbox 476 3957 588 4046; x_wconf 88' lang='lat' dir='ltr'>lingua</span> <span class='ocrx_word' id='word_1_329' title='bbox 609 3958 690 4025; x_wconf 90' lang='lat' dir='ltr'>nihil</span> <span class='ocrx_word' id='word_1_330' title='bbox 712 3957 943 4042; x_wconf 89' lang='lat' dir='ltr'>intellexerint,</span> <span class='ocrx_word' id='word_1_331' title='bbox 977 3980 1059 4046; x_wconf 91' lang='lat' dir='ltr'>quae</span> <span class='ocrx_word' id='word_1_332' title='bbox 1079 3959 1262 4048; x_wconf 86' lang='lat' dir='ltr'>proclama·</span> 
     </span>
     <span class='ocr_line' id='line_1_38' title="bbox 86 4063 1262 4153; baseline 0 -23"><span class='ocrx_word' id='word_1_333' title='bbox 86 4063 317 4130; x_wconf 86' lang='lat' dir='ltr'>Processerunt</span> <span class='ocrx_word' id='word_1_334' title='bbox 341 4086 429 4151; x_wconf 90' lang='lat' dir='ltr'>ergo,</span> <span class='ocrx_word' id='word_1_335' title='bbox 451 4087 486 4130; x_wconf 90' lang='lat' dir='ltr'>se</span> <span class='ocrx_word' id='word_1_336' title='bbox 500 4064 574 4131; x_wconf 93' lang='lat' dir='ltr'>Deo</span> <span class='ocrx_word' id='word_1_337' title='bbox 597 4065 838 4131; x_wconf 88' lang='lat' dir='ltr'>committentes</span> <span class='ocrx_word' id='word_1_338' title='bbox 851 4072 884 4130; x_wconf 90' lang='lat' dir='ltr'>et</span> <span class='ocrx_word' id='word_1_339' title='bbox 904 4073 1060 4153; x_wconf 89' lang='lat' dir='ltr'>perpetuo</span> <span class='ocrx_word' id='word_1_340' title='bbox 1083 4074 1213 4131; x_wconf 89' lang='grc'><strong>8188188</strong></span> <span class='ocrx_word' id='word_1_341' title='bbox 1230 4073 1262 4132; x_wconf 90' lang='grc'>81</span> 
     </span>
     <span class='ocr_line' id='line_1_39' title="bbox 76 4166 1260 4257; baseline 0.002 -23"><span class='ocrx_word' id='word_1_342' title='bbox 76 4190 113 4234; x_wconf 90' lang='grc'>88</span> <span class='ocrx_word' id='word_1_343' title='bbox 147 4168 251 4234; x_wconf 89' lang='lat' dir='ltr'>sancti</span> <span class='ocrx_word' id='word_1_344' title='bbox 272 4166 411 4235; x_wconf 88' lang='lat' dir='ltr'>Davidis</span> <span class='ocrx_word' id='word_1_345' title='bbox 441 4169 625 4252; x_wconf 90' lang='lat' dir='ltr'>recitantes,</span> <span class='ocrx_word' id='word_1_346' title='bbox 658 4177 691 4235; x_wconf 90' lang='grc'>81</span> <span class='ocrx_word' id='word_1_347' title='bbox 712 4168 789 4235; x_wconf 90' lang='lat' dir='ltr'>dum</span> <span class='ocrx_word' id='word_1_348' title='bbox 820 4177 914 4235; x_wconf 87' lang='lat' dir='ltr'>extra</span> <span class='ocrx_word' id='word_1_349' title='bbox 934 4177 1060 4257; x_wconf 85' lang='lat' dir='ltr'>portam</span> <span class='ocrx_word' id='word_1_350' title='bbox 1082 4168 1125 4235; x_wconf 92' lang='lat' dir='ltr'>ad</span> <span class='ocrx_word' id='word_1_351' title='bbox 1145 4192 1260 4256; x_wconf 90' lang='lat' dir='ltr'>rogum</span> 
     </span>
     <span class='ocr_line' id='line_1_40' title="bbox 74 4273 1259 4361; baseline 0.005 -23"><span class='ocrx_word' id='word_1_352' title='bbox 74 4273 206 4355; x_wconf 90' lang='lat' dir='ltr'>nissent,</span> <span class='ocrx_word' id='word_1_353' title='bbox 228 4274 393 4361; x_wconf 89' lang='lat' dir='ltr'>apparitor</span> <span class='ocrx_word' id='word_1_354' title='bbox 415 4273 520 4340; x_wconf 92' lang='lat' dir='ltr'>denuo</span> <span class='ocrx_word' id='word_1_355' title='bbox 543 4273 716 4340; x_wconf 87' lang='lat' dir='ltr'>commissa</span> <span class='ocrx_word' id='word_1_356' title='bbox 737 4273 866 4340; x_wconf 92' lang='lat' dir='ltr'>illorum</span> <span class='ocrx_word' id='word_1_357' title='bbox 884 4273 1074 4361; x_wconf 86' lang='lat' dir='ltr'>publicavit,</span> <span class='ocrx_word' id='word_1_358' title='bbox 1097 4284 1133 4341; x_wconf 93' lang='lat' dir='ltr'>ut</span> <span class='ocrx_word' id='word_1_359' title='bbox 1155 4285 1259 4344; x_wconf 87' lang='grc'><strong>88188.</strong></span> 
     </span>
     <span class='ocr_line' id='line_1_41' title="bbox 74 4376 1260 4467; baseline 0.003 -23"><span class='ocrx_word' id='word_1_360' title='bbox 74 4386 118 4444; x_wconf 89' lang='lat' dir='ltr'>mt</span> <span class='ocrx_word' id='word_1_361' title='bbox 139 4386 246 4444; x_wconf 85' lang='lat' dir='ltr'>cutem</span> <span class='ocrx_word' id='word_1_362' title='bbox 268 4376 391 4443; x_wconf 90' lang='lat' dir='ltr'>ibidem</span> <span class='ocrx_word' id='word_1_363' title='bbox 413 4376 506 4443; x_wconf 87' lang='lat' dir='ltr'>multi</span> <span class='ocrx_word' id='word_1_364' title='bbox 528 4378 656 4447; x_wconf 88' lang='lat' dir='ltr'>honesti</span> <span class='ocrx_word' id='word_1_365' title='bbox 677 4378 814 4462; x_wconf 90' lang='lat' dir='ltr'>nobiles,</span> <span class='ocrx_word' id='word_1_366' title='bbox 837 4386 990 4444; x_wconf 86' lang='grc'><strong>88818188</strong></span> <span class='ocrx_word' id='word_1_367' title='bbox 1006 4379 1165 4467; x_wconf 90' lang='lat' dir='ltr'>equestris</span> <span class='ocrx_word' id='word_1_368' title='bbox 1187 4382 1260 4467; x_wconf 88' lang='lat' dir='ltr'>viri,</span> 
     </span>
     <span class='ocr_line' id='line_1_42' title="bbox 74 4482 1259 4572; baseline 0.003 -24"><span class='ocrx_word' id='word_1_369' title='bbox 74 4505 193 4570; x_wconf 90' lang='lat' dir='ltr'>nguam</span> <span class='ocrx_word' id='word_1_370' title='bbox 214 4490 393 4569; x_wconf 88' lang='lat' dir='ltr'>utramque,</span> <span class='ocrx_word' id='word_1_371' title='bbox 423 4485 643 4571; x_wconf 88' lang='lat' dir='ltr'>germanicam</span> <span class='ocrx_word' id='word_1_372' title='bbox 664 4505 784 4572; x_wconf 90' lang='lat' dir='ltr'>nempe</span> <span class='ocrx_word' id='word_1_373' title='bbox 806 4491 838 4549; x_wconf 88' lang='lat' dir='ltr'>et</span> <span class='ocrx_word' id='word_1_374' title='bbox 858 4482 1064 4549; x_wconf 89' lang='lat' dir='ltr'>bohemicam</span> <span class='ocrx_word' id='word_1_375' title='bbox 1087 4483 1259 4562; x_wconf 88' lang='lat' dir='ltr'>callebant,</span> 
     </span>
     <span class='ocr_line' id='line_1_43' title="bbox 77 4587 1259 4677; baseline 0.001 -22"><span class='ocrx_word' id='word_1_376' title='bbox 77 4610 160 4677; x_wconf 85' lang='lat' dir='ltr'>quos</span> <span class='ocrx_word' id='word_1_377' title='bbox 194 4588 291 4653; x_wconf 89' lang='lat' dir='ltr'>etiam</span> <span class='ocrx_word' id='word_1_378' title='bbox 313 4587 417 4654; x_wconf 87' lang='lat' dir='ltr'>adfuit</span> <span class='ocrx_word' id='word_1_379' title='bbox 438 4587 586 4655; x_wconf 91' lang='lat' dir='ltr'>dominus</span> <span class='ocrx_word' id='word_1_380' title='bbox 610 4589 723 4658; x_wconf 80' lang='lat' dir='ltr'>Gallus</span> <span class='ocrx_word' id='word_1_381' title='bbox 759 4587 802 4655; x_wconf 89' lang='grc'>(18</span> <span class='ocrx_word' id='word_1_382' title='bbox 833 4587 981 4672; x_wconf 81' lang='lat' dir='ltr'>Wiietic,</span> <span class='ocrx_word' id='word_1_383' title='bbox 1013 4587 1055 4655; x_wconf 89' lang='lat' dir='ltr'>de</span> <span class='ocrx_word' id='word_1_384' title='bbox 1085 4597 1170 4656; x_wconf 88' lang='lat' dir='ltr'>statu</span> <span class='ocrx_word' id='word_1_385' title='bbox 1200 4588 1259 4656; x_wconf 89' lang='lat' dir='ltr'>ba·</span> 
     </span>
    </p>
   </div>
   <div class='ocr_carea' id='block_1_3' title="bbox 74 4691 1257 4866">
    <p class='ocr_par' dir='ltr' id='par_1_3' title="bbox 74 4691 1257 4866">
     <span class='ocr_line' id='line_1_44' title="bbox 74 4691 1257 4865; baseline 0 -103"><span class='ocrx_word' id='word_1_386' title='bbox 74 4718 95 4776; x_wconf 85' lang='lat' dir='ltr'>r,</span> <span class='ocrx_word' id='word_1_387' title='bbox 118 4693 175 4783; x_wconf 89' lang='lat' dir='ltr'>qui</span> <span class='ocrx_word' id='word_1_388' title='bbox 196 4691 238 4760; x_wconf 89' lang='lat' dir='ltr'>ab</span> <span class='ocrx_word' id='word_1_389' title='bbox 260 4693 326 4761; x_wconf 92' lang='lat' dir='ltr'>illis</span> <span class='ocrx_word' id='word_1_390' title='bbox 349 4692 510 4780; x_wconf 86' lang='lat' dir='ltr'>quaesivit</span> <span class='ocrx_word' id='word_1_391' title='bbox 540 4716 642 4784; x_wconf 90' lang='lat' dir='ltr'>penes</span> <span class='ocrx_word' id='word_1_392' title='bbox 671 4715 796 4784; x_wconf 89' lang='lat' dir='ltr'>rogum,</span> <span class='ocrx_word' id='word_1_393' title='bbox 829 4715 872 4760; x_wconf 91' lang='grc'>88</span> <span class='ocrx_word' id='word_1_394' title='bbox 906 4714 941 4759; x_wconf 89' lang='grc'>88</span> <span class='ocrx_word' id='word_1_395' title='bbox 962 4694 1028 4865; x_wconf 72' lang='lat' dir='ltr'>&#39;ital</span> <span class='ocrx_word' id='word_1_396' title='bbox 1052 4716 1106 4762; x_wconf 89' lang='grc'>188</span> <span class='ocrx_word' id='word_1_397' title='bbox 1128 4693 1257 4778; x_wconf 89' lang='lat' dir='ltr'>habeat,</span> 
     </span>
     <span class='ocr_line' id='line_1_45' title="bbox 1030 4799 1052 4866; baseline 0 0"><span class='ocrx_word' id='word_1_398' title='bbox 1030 4799 1052 4866; x_wconf 92' lang='lat'>6</span> 
     </span>
    </p>
   </div>
   <div class='ocr_carea' id='block_1_4' title="bbox 0 0 1478 5086">
    <p class='ocr_par' dir='ltr' id='par_1_4' title="bbox 0 0 1478 5086">
     <span class='ocr_line' id='line_1_46' title="bbox 0 0 1478 5086; baseline 0 4"><span class='ocrx_word' id='word_1_399' title='bbox 0 0 1478 5086; x_wconf 95' lang='lat' dir='ltr'> </span> 
     </span>
    </p>
   </div>
  </div>
 </body>
</html>
