2946 5086
153 349 269 401 omnes
290 328 444 417 reginum
464 328 538 417 regi
570 330 815 419 appertinentss
845 329 1081 419 perscribendo
1108 327 1329 396 notificatur.
1371 324 1435 391 Hae

150 436 289 517 literae,
319 432 398 498 dum
417 430 640 519 Pragcnsibus
675 431 793 499 allatae
823 433 979 518 inissent,
1010 432 1152 519 accidit,
1185 431 1278 521 quod
1309 428 1432 520 quidun

149 537 286 629 parochi
308 537 350 603 de
372 534 521 602 cratera
541 536 646 620 missi,
683 536 807 603 curiam
840 547 873 603 et
907 537 950 605 ad
972 548 1121 605 senatum
1156 537 1304 625 ingressi
1322 534 1434 599 fuerint

150 642 268 710 uadem
278 640 343 724 die,
354 662 475 728 nempe
483 638 579 706 Jovis
590 639 625 705 in
636 639 718 706 festo
727 639 761 706 S.
777 640 923 709 Oswaldi
933 642 1080 732 (Mag.)
1097 640 1247 730 ejusdem
1258 640 1340 706 anni
1351 638 1434 711 1529,

149 749 284 815 nomine
305 744 452 835 ejusdem
471 745 686 830 insinuantes,
719 746 806 832 quod
838 749 1081 836 processionem
1110 749 1286 815 instituere
1307 746 1386 814 velit
1403 746 1433 809 in

150 851 205 919 die
227 851 340 919 Sancti
360 850 529 916 Laurentii
550 852 700 938 proxime
721 852 861 935 venturi,
895 853 932 918 iu
953 851 1143 918 memoriam
1180 854 1330 920 omnium
1351 871 1432 938 prae·

150 978 339 1047 messorum
369 955 566 1023 tumultuum
594 956 822 1043 Pragensium,
866 958 902 1021 in
934 955 1092 1023 bonorem
1124 965 1157 1023 et
1176 946 1184 958 ’
1200 955 1337 1025 laudem
1376 952 1432 1018 Dei

149 1062 234 1131 baec
266 1068 470 1144 convertens,
504 1061 590 1126 sicut
621 1062 896 1149 praecedentibus
916 1065 1012 1129 annis
1039 1062 1161 1128 factum
1183 1062 1258 1129 fuit.
1300 1064 1431 1150 Pragen-

151 1190 204 1235 ses
233 1187 323 1251 vero,
355 1164 468 1231 literas
488 1166 598 1252 regias
628 1168 700 1255 jam
734 1165 884 1233 obtentas
919 1188 1029 1234 coram
1062 1189 1097 1231 se
1127 1165 1304 1247 babentes,
1348 1168 1430 1234 inter·

148 1277 307 1358 rogarunt
327 1267 370 1334 de
391 1266 549 1350 Ozabera,
587 1279 620 1336 et
641 1269 720 1336 dum
741 1292 762 1335 a
782 1270 936 1359 parochis
958 1272 1068 1337 missis
1089 1272 1319 1357 rescivissent,
1351 1271 1430 1337 illum

150 1372 326 1441 dominon
348 1392 431 1454 esse,
464 1369 626 1437 dederunt
646 1369 771 1437 eisdem
792 1376 921 1462 copiam
942 1373 1058 1440 harum
1079 1373 1260 1459 literarum,
1297 1383 1333 1441 et
1352 1399 1430 1442 man-

150 1477 279 1554 darunt,
300 1482 337 1540 ut
358 1472 497 1540 eandem
519 1472 591 1538 sine
613 1493 705 1539 mora
725 1473 773 1540 illi
806 1476 947 1562 tradant,
983 1488 1020 1544 ut
1056 1501 1091 1544 se
1114 1479 1298 1545 secundum
1333 1480 1431 1547 literas

150 1581 211 1649 has
247 1578 392 1667 dirigere
414 1577 517 1662 sciat3
546 1577 618 1665 jam
642 1578 729 1643 enim
766 1600 802 1644 se
824 1580 1019 1667 occultabat,
1055 1584 1259 1672 intelligens,
1297 1585 1379 1671 quid
1409 1587 1432 1649 ei

150 1683 303 1751 accidere
332 1681 472 1768 debeat,
506 1685 554 1749 ita
590 1682 677 1748 enim
712 1682 834 1750 factum
865 1694 924 1768 est,
968 1685 1056 1775 quod
1088 1688 1147 1753 has
1179 1689 1297 1756 literas
1332 1690 1432 1757 eaden

150 1788 259 1856 adhuc
302 1787 357 1855 die
399 1787 442 1855 ad
485 1786 673 1877 parochiam
715 1788 829 1856 Sancti
871 1789 984 1878 Egidii
1026 1790 1231 1878 tradiderint,
1274 1796 1388 1883 itaque
1406 1816 1434 1859 se

150 1914 268 1983 gerere
289 1892 403 1959 debuit
424 1893 604 1960 secundum
625 1894 829 1961 voluntatem
850 1897 947 1982 regis.
980 1896 1052 1963 Illis
1073 1917 1152 1963 vero
1173 1897 1337 1983 parochis
1358 1920 1433 1963 man·

150 2003 264 2070 datum
284 2000 356 2087 tuit,
392 2011 428 2069 ut
449 2001 532 2069 tales
564 2004 792 2091 processiones
815 2004 975 2080 omittant,
1008 2024 1084 2068 cum
1117 2001 1240 2068 exinde
1260 2003 1351 2071 nihil
1369 2003 1434 2069 boni

151 2108 350 2197 sperandum
374 2116 471 2175 esset
499 2107 553 2173 Ab
575 2107 633 2174 illo
655 2119 801 2195 tempore
822 2107 990 2196 processio
1011 2104 1069 2171 illa
1089 2106 1271 2193 magnifica
1294 2110 1434 2188 cessavit,

151 2214 348 2305 quaomnia
368 2211 456 2279 mala
475 2213 641 2300 tegebant,
671 2214 847 2280 offerentes
882 2211 973 2278 illam
1005 2212 1040 2275 in
1061 2210 1222 2278 bonorem
1257 2221 1296 2277 et
1318 2210 1435 2279 landen

151 2319 228 2385 Dei.
272 2316 388 2385 Clesus
410 2318 499 2384 enim
526 2320 599 2408 jam
628 2328 706 2385 tunc
735 2317 955 2401 assuescebat,
990 2327 1028 2383 ut
1048 2314 1135 2380 mala
1155 2314 1243 2382 sicut
1264 2315 1357 2383 bona
1376 2338 1435 2405 pro·

152 2422 356 2491 cessionibus
378 2437 549 2490 exornent.
595 2423 734 2513 Saepius
756 2434 845 2490 certe
867 2424 950 2489 haec
981 2421 1150 2503 accidunt,
1195 2420 1289 2505 quod
1327 2422 1436 2508 siquis

152 2530 194 2598 de
215 2526 353 2596 aliorum
374 2528 551 2596 infortunio
573 2529 670 2596 valde
694 2530 841 2612 laetetur,
878 2531 963 2594 sicut
984 2526 1080 2593 homo
1101 2527 1168 2605 ille,
1199 2534 1234 2590 et
1255 2547 1328 2593 non
1348 2536 1436 2593 atten-

151 2635 218 2720 dat,
241 2656 284 2700 an
305 2633 372 2701 tals
392 2632 606 2700 infortunium
629 2636 727 2700 etiarn
748 2635 920 2722 ipsiusmet
949 2631 1071 2697 calcem
1093 2629 1217 2719 pedum
1237 2653 1311 2697 non
1333 2653 1435 2720 sequa-

151 2750 216 2824 tur,
237 2739 292 2806 hic
313 2741 343 2806 si
363 2760 460 2805 ruere
481 2740 628 2828 incipiat,
662 2739 845 2805 timendum
867 2746 926 2821 est,
959 2758 1003 2803 ne
1032 2735 1131 2824 plane
1152 2758 1230 2802 eum
1251 2744 1435 2824 prosternat

151 2842 204 2911 Ita
226 2848 313 2911 enim
333 2842 391 2909 ille
413 2846 671 2933 omnitempore
694 2846 772 2932 egit,
795 2852 828 2911 et
850 2844 879 2909 si
899 2842 975 2908 aliis
985 2841 1107 2908 malum
1126 2839 1299 2928 quoddam
1320 2839 1434 2911 accidit

153 2948 305 3017 solatium
327 2948 453 3037 grande
473 2952 632 3038 percepit,
648 2972 732 3038 quae
742 2950 829 3016 mala
844 2946 1019 3016 tandemin
1029 2947 1138 3034 ipsum
1153 2942 1259 3033 digne
1270 2946 1434 3025 redierunt,

153 3063 284 3123 etcum
306 3053 349 3121 ad
369 3055 497 3122 ruinam
518 3055 752 3143 perduxenmt
774 3055 869 3123 Juste
891 3054 978 3120 enim
1001 3050 1121 3118 similia
1135 3049 1355 3119 fiunttalibus
1375 3049 1434 3116 irri-

153 3160 294 3239 soribus,
317 3162 374 3250 qui
395 3162 550 3229 tumultus
573 3171 606 3227 et
628 3160 765 3228 dissidia
779 3161 865 3227 inter
878 3160 996 3227 fratres
1015 3157 1245 3241 disseminant,
1270 3156 1433 3224 secundm

153 3265 244 3333 dicta
253 3265 370 3334 Divisi
389 3266 531 3356 Spiritus
547 3265 581 3332 in
601 3266 695 3348 libris
717 3266 919 3352 Salomonis3
942 3273 978 3331 ut
999 3261 1148 3353 ejiciatur
1169 3262 1291 3328 irrisor
1310 3261 1393 3344 ideo,
1410 3266 1435 3322 ut

153 3369 292 3439 dissidia
314 3384 454 3456 cessent,
476 3372 522 3439 ita
543 3381 581 3439 nt
601 3374 636 3437 in
659 3370 806 3460 quolibet
826 3370 898 3438 loco
931 3368 994 3434 hoc
1025 3367 1150 3434 bonore
1178 3366 1358 3448 afficiatur,
1392 3368 1434 3452 qui

155 3479 263 3549 sidem
285 3478 469 3546 destinatus
491 3488 550 3546 est.
594 3478 685 3544 Sicut
707 3477 806 3544 etiam
822 3477 893 3565 jam
915 3472 1148 3542 antecedenter
1169 3473 1386 3541 Litomericio
1404 3470 1435 3537 ob

153 3596 246 3655 actus
268 3587 378 3654 varios
398 3571 602 3652 inordinatos
632 3581 867 3650 contumeliose
897 3579 990 3647 abire
1021 3577 1143 3646 debuit
1187 3578 1235 3647 Et
1264 3578 1347 3649 dum
1377 3599 1435 3644 eun

153 3695 297 3785 qnidam,
330 3690 547 3759 amicabiliter
568 3712 643 3758 cum
664 3688 723 3755 illo
745 3709 847 3775 agens
868 3684 955 3753 bono
978 3682 1073 3750 modo
1095 3681 1280 3771 admonuit,
1317 3686 1435 3761 dicens:

157 3800 222 3881 ¹,tui
244 3798 353 3884 chare,
376 3820 435 3865 cnr
455 3795 513 3862 illa
534 3798 618 3882 agis,
641 3801 898 3884 quaerectanon
913 3788 1035 3857 sunt?‘
1051 3790 1224 3876 respondit
1242 3791 1321 3859 ille:
1339 3792 1438 3881 „Licet

153 3929 260 3995 agam,
282 3926 366 3994 quae
387 3903 474 3970 bona
494 3923 561 3968 non
582 3903 687 3970 sunt.“
711 3900 801 3967 Talis
817 3896 974 3981 turbator,
996 3894 1073 3961 dum
1095 3894 1138 3961 de
1157 3895 1271 3964 medio
1286 3897 1438 3965 bominum

155 4010 286 4094 tollitur,
309 4008 419 4074 omnia
439 4006 526 4072 mala
546 4004 634 4072 illico
656 4014 795 4088 cessant,
825 4001 912 4089 quod
935 4000 1031 4066 etiam
1054 3998 1255 4069 bisfactum
1276 4004 1352 4084 fuit,
1378 4024 1438 4071 nam

154 4124 228 4205 post
250 4117 321 4204 ejus
344 4112 537 4194 discessum,
559 4132 639 4176 aura
661 4110 806 4197 undique
828 4107 944 4174 favens
959 4103 1151 4196 apparebat.

147 4292 150 4297 ,
239 4220 348 4288 Primo
370 4219 470 4305 igitur
490 4218 598 4302 Praga
613 4214 786 4282 discedens
805 4218 840 4281 in
858 4215 1014 4283 Misniam
1027 4238 1062 4280 se
1080 4214 1255 4296 convertit,
1268 4236 1401 4303 sperans
1414 4232 1439 4274 se

144 4327 278 4411 ¹ibidem
300 4327 442 4415 quietem
462 4323 707 4411 acquisiturum.
730 4321 809 4389 Dux
823 4328 931 4388 autem
949 4322 1127 4388 Misnensis
1150 4320 1333 4408 Georgius,
1354 4317 1435 4385 resci-

154 4453 214 4499 ens
236 4430 278 4498 de
298 4429 387 4498 illius
407 4429 574 4517 perversis
595 4426 733 4511 actibus,
757 4425 875 4516 quibus
891 4424 1056 4493 confidere
1067 4445 1135 4490 non
1150 4423 1298 4493 decebat
1320 4431 1435 4516 propter

154 4555 307 4623 magnam
328 4532 416 4601 illius
437 4532 624 4616 falsitatem,
653 4533 745 4597 exire
769 4533 800 4597 ei
822 4530 992 4597 mandavit
1013 4551 1057 4595 ex
1078 4530 1235 4597 omnibus
1256 4527 1433 4619 regionibus

156 4638 234 4719 suis,
255 4659 322 4704 non
343 4635 385 4703 ob
407 4658 539 4709 oausam
560 4636 765 4704 resistentiae
785 4637 822 4701 in
843 4634 1025 4725 sumptione
1048 4632 1207 4725 Corporis
1223 4631 1431 4722 etSanguinlt

148 4737 276 4813 Obristi
297 4738 361 4811 sub
383 4749 523 4835 utraque
544 4741 667 4833 speeie,
686 4741 748 4809 sed
767 4749 901 4833 propter
916 4739 1182 4831 eJusdemvarias
1203 4740 1314 4811 malas
1335 4744 1428 4809 contra
