2902 5086
72 346 142 415 alis
167 348 284 434 caligo
309 349 507 432 inveniatur,
535 370 608 413 cum
630 370 695 413 non
720 349 824 413 sciant
845 350 1045 438 distinguere
1065 354 1234 419 veritatem
1243 362 1366 423 rectam

72 452 152 541 bgis
176 454 324 537 divinae,
347 475 368 516 a
389 452 516 538 legibus
540 452 754 517 humanarum
776 453 1001 519 inventionum
1024 466 1056 521 et
1077 457 1361 545 consuetudinum

72 554 114 629 fle
134 554 191 621 bis
215 556 321 621 selum
342 555 466 642 loquor,
502 558 557 642 qui
579 554 676 619 rudes
700 577 739 619 ac
750 555 873 620 indocti
897 568 979 622 suut.
1015 559 1252 638 Gredoautem‚
1275 560 1361 649 quod

72 658 167 725 multi
188 658 246 723 bic
269 660 389 723 civium
410 657 539 741 fuerint,
563 666 596 722 et
618 660 683 722 sint
713 659 748 722 in
772 662 1001 725 communitate
1023 663 1077 727 vel
1099 665 1132 727 in
1157 663 1218 728 hcc
1239 686 1351 749 reguo,

72 772 122 837 ’111
142 764 212 829 alia
243 764 374 828 natione
406 762 585 848 adjacente,
626 784 706 848 ques
729 762 821 827 Deus
855 766 1039 850 specialiter
1075 767 1126 831 bis
1157 768 1359 856 temporibus

72 868 176 969 gretia
208 888 268 931 sua
303 865 486 931 illuminare
519 866 672 952 dignatur
694 868 728 929 in
760 868 925 951 agnitione
958 871 1102 933 veritatis
1146 870 1228 956 legis
1264 892 1355 955 suae,

72 970 194 1059 'beque
216 969 316 1036 dubio
325 971 389 1053 isti,
414 979 445 1034 et
456 970 537 1035 tales
555 972 625 1056 jam
638 990 735 1057 supra
746 972 903 1035 nominati
915 971 1114 1057 distinguere
1127 975 1231 1038 sciunt
1253 974 1359 1061 legem

72 1070 135 1145 Dei
170 1096 192 1139 a
224 1073 298 1159 lege
327 1073 503 1154 bominum,
534 1083 629 1158 prout
660 1073 746 1137 infra
766 1073 808 1138 de
840 1074 905 1138 fide
939 1074 1021 1160 legis
1055 1074 1187 1139 divinae
1220 1076 1357 1141 dicetur.

72 1166 169 1245 tides
191 1188 302 1242 autem
322 1177 405 1260 legis
427 1175 558 1241 divinae
592 1186 641 1240 est
663 1177 797 1241 credere
832 1176 953 1242 Christi
976 1177 1107 1243 lectioni
1130 1200 1251 1259 sacrae,
1290 1201 1356 1244 non

72 1280 260 1349 exomendo
281 1282 316 1346 in
339 1279 488 1344 dextram
510 1302 574 1345 nec
596 1282 759 1344 sinistram
781 1291 916 1367 partem,
948 1281 1006 1345 sed
1028 1281 1172 1368 perfecte
1207 1282 1358 1348 omnibus

75 1382 179 1451 Verbis
203 1383 285 1470 legis
307 1384 372 1448 Dei
395 1383 528 1448 credere
550 1382 717 1465 debemus,
741 1386 769 1448 si
792 1384 874 1449 salvi
905 1386 976 1449 fieri
998 1384 1157 1450 volumus.
1203 1385 1286 1450 Nam
1311 1386 1358 1449 ita

72 1488 119 1553 ait
137 1490 307 1574 scriptura,
329 1486 415 1574 quod
450 1488 519 1550 sine
551 1486 616 1551 fide
637 1487 710 1552 Deo
743 1488 871 1575 placere
893 1510 1101 1575 nequeamus.
1147 1487 1192 1551 Et
1211 1487 1299 1575 apud
1320 1486 1354 1552 S.

75 1588 407 1657 llarcuminvenitur:
430 1589 554 1654 Euntes
577 1612 636 1676 per
658 1592 845 1657 universum
857 1592 1022 1675 mundum,
1046 1592 1232 1679 praedicate
1245 1590 1353 1656 Evan-

81 1695 191 1781 gelium
214 1695 304 1760 omni
327 1702 504 1776 creaturae,
528 1695 582 1780 qui
606 1694 791 1776 crediderit,
815 1696 925 1761 salvus
954 1698 1024 1777 erit,
1059 1697 1115 1783 qui
1148 1704 1254 1759 autem
1288 1716 1353 1761 non

80 1798 256 1880 tradiderit,
279 1797 493 1863 damnabitur.
538 1799 612 1862 Non
635 1807 740 1862 autem
762 1799 816 1864 bic
831 1799 959 1881 dicitur,
984 1801 1054 1863 sine
1066 1821 1258 1886 quacunque
1280 1798 1356 1881 fide,

72 1904 151 1969 sicut
163 1904 266 1991 aliqui
284 1902 444 1990 judicant,
467 1901 669 1988 impossibile
692 1912 750 1984 est,
773 1902 904 1990 placere
931 1903 1072 1967 Domino
1088 1903 1170 1984 Deo,
1195 1902 1252 1966 sed
1288 1903 1359 1967 sine

72 2004 133 2073 1111
152 2007 235 2093 legis
258 2006 400 2081 divinae,
412 2005 513 2069 Marc.
536 2010 567 2071 2.
591 2027 662 2090 cap.
675 2028 682 2068 ι
695 2003 824 2070 Η11111
845 2005 944 2070 fidem
953 2006 1029 2074 Dei.
1051 2005 1095 2069 Et
1109 2005 1196 2069 idem
1207 2005 1357 2091 Evange-

72 2106 140 2175 lista
160 2132 232 2198 cap.
257 2110 307 2177 1.:
330 2110 429 2175 Fides
439 2132 482 2175 ex
503 2109 624 2190 auditu,
637 2107 764 2173 auditus
787 2120 893 2173 autem
916 2108 1123 2195 perverbum
1134 2108 1207 2175 Dei.
1252 2108 1296 2173 Et
1317 2109 1359 2174 ad

75 2210 212 2281 (lerintb.
248 2214 326 2280 12.
349 2236 444 2301 cap:
467 2212 567 2278 Fides
589 2223 696 2277 autem
720 2221 830 2277 vestra
852 2235 917 2277 non
941 2214 982 2276 sit
1003 2212 1137 2278 fundata
1158 2215 1193 2277 in
1221 2213 1360 2298 quadam

72 2319 225 2404 capientia
254 2318 409 2401 humaua3
444 2339 549 2404 neque
583 2317 679 2382 etiam
713 2319 769 2403 qui
792 2317 896 2381 credit
919 2318 1101 2404 cuicunque
1134 2318 1356 2383 constitutioni

75 2418 250 2504 bominum,
285 2420 500 2502 damnabitur,
535 2421 592 2485 sed
631 2422 685 2507 qui
722 2442 786 2484 uon
824 2420 928 2484 credit
949 2420 1015 2506 legi
1038 2419 1179 2499 divinae,
1217 2435 1249 2488 et
1284 2447 1356 2490 ver·

79 2520 124 2587 bis
154 2524 275 2591 divinis
312 2526 347 2589 in
369 2546 447 2590 vero
478 2546 586 2605 sensu,
623 2523 837 2588 damnabitur.
884 2522 1091 2610 Quapropter
1127 2522 1189 2591 hoc
1211 2549 1253 2592 ex
1290 2527 1356 2593 11111

77 2646 136 2693 non
155 2628 329 2693 fallacibus
351 2628 433 2713 legis
457 2628 587 2694 divinae
611 2628 778 2713 scripturis
803 2626 946 2691 breviter
968 2628 1074 2691 citatis
1111 2640 1200 2695 certo
1224 2640 1255 2694 et
1275 2630 1355 2695 fina-

75 2726 143 2795 liter
164 2733 288 2815 scitcte,
312 2731 399 2819 quod
420 2731 502 2796 fides
525 2731 567 2795 ad
591 2730 728 2795 salutem
751 2731 936 2794 necessaria
958 2729 1039 2794 nihil
1062 2732 1151 2798 aliud
1174 2735 1225 2817 sit,
1261 2756 1358 2821 quam

76 2836 197 2901 eredere
218 2835 331 2901 verbis
351 2834 482 2916 divinis,
506 2857 572 2899 non
594 2833 757 2920 aliquibus
780 2844 914 2916 tantum,
946 2835 1005 2900 sed
1027 2838 1172 2924 plenarie
1195 2838 1356 2922 omnibus,

78 2936 232 3005 incorum
255 2961 352 3005 sensu
374 2948 485 3021 recto;
509 2939 557 3002 sic
580 2940 664 3002 enim
689 2938 896 3003 crediderunt
917 2962 1027 3004 omnes
1046 2941 1203 3024 salvandi,
1225 2966 1245 3007 a
1265 2944 1357 3032 prin·

78 3042 151 3129 cipio
182 3042 306 3121 mundi,
344 3041 493 3107 omnibus
525 3041 636 3107 verbis
659 3041 780 3106 divinis
816 3052 913 3129 prout
937 3045 984 3108 eis
1006 3044 1098 3110 Deus
1121 3046 1289 3123 revelavit,
1325 3056 1358 3113 11

79 3146 214 3213 11111111
234 3149 269 3212 in
293 3146 401 3212 Deum
423 3146 488 3211 fide
511 3145 618 3210 nullus
634 3148 769 3210 rationis
782 3168 888 3233 capax
902 3147 1046 3212 salvatus
1062 3149 1122 3213 fuit
1139 3151 1237 3235 juxta
1259 3152 1359 3237 scrip·

83 3254 190 3334 turam,
226 3252 309 3315 siout
341 3249 421 3314 dicit
453 3250 629 3336 apostolus,
665 3249 750 3335 quod
781 3251 851 3313 sine
873 3250 938 3315 fide
961 3274 1026 3316 non
1050 3253 1092 3316 sit
1113 3252 1267 3338 possibile
1291 3262 1352 3321 etc.

81 3348 117 3417 Et
134 3353 206 3419 ideo
229 3353 394 3441 apostolus
416 3354 458 3417 ad
468 3353 631 3440 Ephesios
655 3376 724 3439 cap.
747 3355 775 3418 4.
799 3356 946 3440 scripsit:
971 3355 1067 3436 Quod
1083 3379 1165 3420 unus
1178 3356 1279 3436 Deus,
1292 3378 1357 3421 una

84 3454 154 3523 1111
176 3460 261 3533 sint,
292 3480 368 3522 nam
390 3480 411 3521 a
430 3460 590 3545 principio
614 3457 727 3521 mundi
750 3458 830 3521 haec
852 3459 948 3522 unica
984 3459 1128 3524 salvifica
1149 3460 1219 3540 fuit,
1254 3468 1356 3523 estet

85 3562 142 3644 erit,
162 3561 196 3627 id
219 3572 285 3627 cst:
310 3562 444 3627 credere
467 3564 501 3626 in
523 3584 622 3626 unum
645 3584 757 3626 verum
780 3561 957 3637 Dominum
972 3563 1086 3627 Deum.
1112 3562 1165 3628 Ad
1188 3562 1354 3650 haecpro·

84 3662 167 3748 pheta
189 3665 347 3731 Habacuc
368 3666 414 3730 ait
435 3667 464 3730 2.
488 3688 579 3751 cap:
601 3665 714 3729 Justus
738 3687 780 3729 ex
801 3666 865 3730 fide
888 3666 976 3731 vivit.
1021 3667 1064 3732 Et
1082 3666 1230 3732 Christus
1244 3667 1356 3731 Domi·

87 3786 137 3833 nus
172 3770 252 3835 dicit
300 3767 402 3834 Math.
434 3772 464 3834 4.
503 3791 592 3856 cap:
651 3769 759 3833 Homo
792 3772 872 3834 vivit
911 3792 952 3835 ex
986 3772 1102 3858 quovis
1135 3770 1235 3836 verbe
1271 3769 1358 3853 Dei3

87 3878 169 3957 atque
190 3873 265 3938 ideo
287 3873 369 3938 haec
390 3873 471 3938 fides
495 3874 614 3937 dicitur
637 3882 748 3937 sancta
769 3873 973 3956 universalis,
1005 3875 1090 3939 banc
1112 3877 1198 3939 enim
1222 3874 1359 3961 quilibet

86 3977 243 4045 salvandus
266 3977 389 4057 babuit,
414 3987 446 4041 et
467 3977 540 4041 Deo
564 3977 778 4040 conservavit.
813 3976 900 4042 Hinc
917 3977 1063 4043 Christus
1086 3978 1186 4042 dixit:
1211 3979 1265 4063 qui
1289 3996 1356 4039 non

84 4080 249 4165 crediderit,
271 4082 306 4146 id
329 4090 379 4145 est
400 4079 508 4145 verbis
531 4078 662 4159 divinis,
686 4078 900 4145 damnabitur.
935 4082 979 4146 Et
993 4082 1081 4162 alibi,
1096 4082 1212 4146 Joann.
1229 4081 1259 4144 8.
1275 4100 1357 4166 capa

89 4178 165 4251 siin
184 4186 295 4253 verbis
318 4186 399 4250 meis
432 4186 675 4271 permanseritis
711 4194 743 4248 et
774 4184 904 4250 abillis
938 4207 1003 4249 non
1026 4186 1235 4265 recesseritis,
1271 4192 1358 4248 certe

86 4290 155 4353 servi
174 4291 238 4355 mei
262 4290 362 4354 eritis.
407 4287 486 4352 Ideo
509 4287 605 4351 afide
617 4288 700 4372 legis
723 4287 854 4353 divinae
876 4287 964 4352 nullo
989 4310 1093 4371 cursu,
1117 4287 1159 4353 ad
1174 4310 1226 4352 res
1240 4287 1356 4365 nullas,

89 4394 324 4459 eonsuetudines
347 4405 378 4459 et
400 4394 646 4458 constitutiones
669 4392 789 4456 nullius
812 4394 859 4456 rei
882 4395 986 4477 gratia
1007 4391 1226 4456 recedendum
1250 4402 1309 4455 est.

154 4497 254 4565 Simul
277 4497 404 4563 addidit
426 4495 604 4582 Malinsky,
639 4493 725 4581 quod
747 4498 802 4575 ita,
826 4496 909 4559 sicut
933 4496 1021 4571 haec,
1044 4498 1193 4583 quamvis
1215 4494 1358 4560 breviter

89 4598 285 4667 etbuotuose
307 4602 473 4688 proposita
496 4608 580 4681 sunt,
603 4596 715 4663 credat
739 4607 773 4661 et
795 4598 929 4663 credere
950 4599 1031 4665 velit
1064 4622 1139 4665 cum
1160 4599 1284 4665 auxilio
1307 4598 1358 4663 di·

72 4698 148 4777 ,dno
166 4726 269 4795 usque
290 4703 332 4771 ad
353 4714 510 4791 mortem3
533 4714 648 4791 petens
672 4705 780 4786 etiam,
808 4705 836 4769 si
859 4702 909 4769 illi
931 4704 1055 4795 aliquid
1077 4705 1204 4789 melius,
1226 4710 1359 4791 praeter
