2946 5086
125 174 201 273 5104

614 356 617 363 '
671 345 819 420 enPnu
842 349 892 418 lt.

132 479 194 543 Ubi
226 478 403 540 describitur
432 479 497 540 vita
525 480 662 559 magistri
684 479 813 541 ‚Ioannis
837 480 1027 562 Rokyczani,
1043 481 1095 557 qui
1111 500 1167 560 pro
1179 481 1295 543 honore
1316 484 1422 542 straus

211 567 301 627 laude
322 567 410 644 hujus
432 567 537 626 mundi
559 569 704 646 impostor
724 568 830 646 iuerat,
854 565 990 630 Osahera
1010 568 1124 648 pariter
1145 569 1177 629 id
1199 568 1271 629 iecit
1294 576 1350 632 etc.

218 692 303 761 (lum
314 702 392 759 vero
404 693 602 759 mentionem
624 690 758 759 fecerim
780 694 927 780 magistri
948 694 1085 761 loannis
1103 693 1309 784 Rokyczani,
1327 693 1421 762 direc-

133 799 214 867 toris
232 795 395 884 quondam
418 796 498 863 cleri
519 797 689 864 Bohemioi
712 805 745 863 et
764 797 924 864 Moravici
946 798 1007 865 sub
1028 807 1165 887 utraque
1185 800 1310 888 specie,
1322 799 1418 866 malae

134 911 168 971 et
188 902 343 989 indignae
365 901 550 986 memoriae,
572 903 728 991 proposui
750 902 846 968 latius
868 911 924 969 aut
944 902 1048 969 fusius
1070 903 1227 987 indicare,
1262 913 1299 971 ut
1332 904 1421 970 etiam

133 1008 198 1078 hoc
233 1013 344 1071 notum
376 1006 419 1072 sit
457 1028 516 1094 pro
538 1006 654 1072 futuris
676 1006 888 1094 temporibus,
911 1007 1015 1095 qualis
1049 1007 1244 1075 christianus
1278 1008 1378 1074 fuerit
1396 1016 1422 1073 et

135 1132 218 1202 quae
241 1111 423 1176 causaverit
443 1107 478 1174 in
499 1132 601 1196 reguo
622 1109 809 1196 Bohemiae,
843 1134 886 1177 an
908 1112 1041 1179 authore
1066 1113 1182 1201 spiritu
1217 1121 1344 1196 sancto,
1379 1121 1424 1178 aut

102 1223 104 1225 ’
136 1220 251 1311 spiritu
272 1215 501 1307 prophetarum
512 1213 638 1295 Achab.
667 1214 707 1281 In
730 1217 858 1304 scriptis
881 1220 968 1282 enim
989 1218 1161 1301 iuvenitur,
1185 1238 1272 1303 quae
1293 1217 1422 1283 inlibris

136 1322 306 1413 eujusdam
329 1320 452 1387 domini
484 1318 672 1386 Wenoeslai
704 1318 935 1409 Waletowsky
958 1321 1049 1387 dicti.
1067 1322 1161 1411 (quos
1184 1322 1243 1389 ille
1266 1324 1421 1410 couscrip-

137 1429 180 1507 sit
210 1435 356 1514 tempore
388 1421 476 1510 regis
511 1422 644 1508 Georgii
665 1431 701 1490 ut
724 1422 981 1491 subcamerarius
1005 1426 1172 1492 civitatum
1193 1428 1362 1514 regiarum
1393 1429 1422 1492 iu

69 1600 80 1617 s
134 1530 306 1620 Bohemis)
330 1529 550 1595 continentur:
573 1526 660 1617 quod
672 1536 747 1616 post
768 1537 905 1594 mortem
917 1531 1005 1616 regis
1026 1530 1216 1598 Wenceslai
1239 1524 1354 1600 sacrae
1365 1555 1423 1597 me·

136 1636 266 1718 moriae,
287 1622 368 1699 ⁴dum
387 1631 526 1700 Bohemi
547 1654 626 1719 rege
648 1633 836 1715 caruissent,
860 1642 892 1698 ct
914 1633 1141 1720 Sigismundus
1164 1637 1345 1725 imperator
1367 1628 1423 1702 fra·

136 1743 187 1810 ter
223 1736 369 1828 ejusdem
403 1736 598 1820 wenceslai,
631 1758 692 1801 rex
727 1737 762 1802 in
782 1736 953 1824 Hungaria
974 1737 1096 1825 fuisset,
1133 1741 1189 1821 hio
1211 1752 1348 1808 conatus
1371 1742 1427 1807 fuit

136 1848 328 1931 allaborare,
350 1853 386 1911 ut
405 1864 544 1930 regnum
564 1840 742 1907 Bohemiae
787 1849 823 1906 ut
843 1842 1011 1929 proximus
1035 1843 1213 1911 secundum
1238 1847 1423 1932 sanguinem

136 1955 252 2022 haeres
275 1951 430 2039 acquirat,
454 1945 514 2012 sub
538 1947 630 2034 cujus
652 1944 811 2031 regimine
833 1945 920 2011 bella
940 1945 1077 2033 grandia
1097 1949 1131 2014 in
1142 1947 1428 2025 Bohemiaexorta

135 2059 276 2140 fuerunt,
299 2064 471 2140 antequam
494 2073 514 2115 a
536 2048 691 2115 Bohemis
714 2058 882 2137 susceptus
905 2050 1020 2116 fuisset
1053 2052 1088 2116 in
1110 2053 1281 2119 dominum
1315 2062 1348 2119 et
1378 2075 1422 2119 re·

139 2185 220 2252 gem.
261 2160 333 2226 Arx
353 2153 628 2245 Wyiehradensis
650 2159 783 2241 propter
803 2153 896 2220 illum
932 2149 1189 2243 destructa'fuit,
1213 2157 1424 2247 Rckyczauus

138 2289 217 2336 vero
249 2286 323 2330 cum
362 2259 531 2327 sacerdote
552 2257 692 2323 Martino
726 2258 840 2345 Lupad
863 2258 1067 2327 concitarunt
1101 2271 1214 2328 contra
1246 2263 1340 2331 illum
1360 2266 1426 2354 ple·

137 2370 214 2448 bem
235 2370 271 2435 in
291 2366 445 2433 universo
467 2385 568 2450 ragno
591 2383 651 2450 per
674 2361 840 2447 ecclesias,
862 2372 899 2429 ut
921 2366 1061 2433 eundem
1086 2369 1121 2434 in
1144 2368 1314 2449 dominum
1338 2393 1424 2436 suum

137 2499 204 2553 nnn
236 2479 411 2554 assumant,
433 2470 534 2537 variis
557 2465 794 2555 contemptibus
832 2490 906 2534 cum
928 2470 1002 2536 aliis
1036 2471 1179 2549 clericis,
1197 2474 1294 2541 illum
1316 2475 1425 2557 affecit,

136 2581 315 2654 Romanam
338 2577 449 2645 sedem
471 2597 545 2641 cum
568 2570 761 2661 sequacibus
782 2572 892 2639 delere
914 2575 1028 2642 voluit.
1060 2577 1140 2643 Post
1162 2580 1329 2668 quoddam
1354 2592 1423 2648 tem·

135 2688 224 2777 poris
261 2683 401 2773 spatium
434 2678 569 2746 contulit
601 2703 636 2745 se
666 2702 740 2745 cum
760 2679 874 2767 Lupab
898 2703 940 2744 ex
962 2680 1121 2748 Bohemis
1158 2685 1193 2748 in
1215 2667 1340 2770 lienus,
1362 2686 1421 2752 illis

127 2798 332 2883 'proponens
367 2788 395 2852 si
416 2785 578 2853 voluerint
599 2807 634 2850 se
668 2786 800 2872 (nempe
820 2783 1070 2873 Rokyczanum)
1095 2787 1137 2853 ad
1172 2790 1424 2881 archiepiscopa-

28 2924 33 2931 ·
138 2904 208 2962 tum
219 2893 375 2982 adjuvare
393 2899 426 2956 et
435 2891 615 2978 Lupacium
626 2888 908 2978 adaepiscopatum,
921 2893 1077 2978 promisit,
1091 2893 1178 2981 quod
1191 2895 1272 2961 velit
1281 2904 1425 2982 utrosque

139 2999 349 3067 scholasticos
373 3019 494 3080 eorum,
516 3017 633 3084 nempe
659 2994 718 3060 sub
744 3019 809 3061 una
832 3005 865 3061 et
887 2997 946 3062 sub
969 3006 1105 3088 ubsque
1129 3001 1250 3087 specie,
1272 3002 1308 3093 in
1333 3023 1424 3068 sacer·

92 3112 94 3115 ’
140 3104 233 3172 dotes
255 3103 415 3170 ordinare.
448 3101 502 3167 Illi
525 3123 602 3167 vero
625 3088 852 3187 promiserunt,
876 3104 962 3190 quod
986 3127 1059 3170 eum
1082 3103 1125 3170 ad
1156 3127 1297 3192 regnum
1332 3107 1425 3172 Bohe-

73 3201 75 3204 ’
139 3211 224 3279 miae
246 3208 402 3297 adjuvare
438 3205 562 3291 veliut;
595 3227 655 3270 rex
677 3227 755 3271 vero
790 3205 976 3293 intelligens
998 3208 1161 3275 fatuitates
1182 3232 1308 3297 eorum,
1344 3212 1424 3291 dixit,

140 3337 176 3381 se
209 3312 294 3381 velle
326 3312 362 3379 id
383 3312 503 3377 facere.
559 3307 707 3373 Tandem
738 3309 955 3399 Rokyczanus
985 3332 1067 3378 cum·
1094 3313 1181 3395 clero
1212 3337 1271 3382 suo
1308 3317 1426 3382 domum

139 3417 278 3502 rediens,
302 3418 426 3484 reversi
442 3425 517 3481 sunt
537 3418 572 3481 in
582 3415 680 3482 aliam
691 3426 818 3505 partem
834 3425 870 3481 ‘et
880 3417 916 3482 in
928 3419 1138 3485 concionibus
1152 3419 1293 3487 eundem
1315 3441 1426 3488 summe

140 3523 357 3606 dilaudarunt,
382 3521 546 3587 dicentes:
570 3520 656 3611 quod
680 3523 708 3586 si
729 3521 821 3587 illum
843 3523 877 3587 in
901 3521 1067 3588 dominum
1090 3532 1122 3589 et
1143 3546 1257 3612 regem
1289 3547 1426 3616 suscepe-

84 3694 88 3700 ,
132 3629 232 3714 ἠὼ,
255 3627 425 3695 vobiscum
448 3625 598 3692 omnibus
620 3648 686 3691 non
709 3636 745 3691 ut
765 3649 826 3691 rex
849 3635 881 3690 et
916 3627 1067 3694 dominus
1089 3637 1207 3714 vester,
1243 3631 1302 3696 sed
1322 3641 1358 3699 ut
1384 3652 1427 3719 ps·

139 3742 285 3801 tarcum
305 3731 381 3802 filiis
403 3739 478 3817 aget
512 3736 544 3794 et
566 3729 738 3817 procedet3
763 3741 795 3796 et
817 3730 979 3815 dixerunt,
1003 3733 1090 3822 quod
1124 3733 1298 3821 benignus,
1331 3738 1426 3826 justus

140 3847 173 3905 et
195 3836 344 3905 amabilis
377 3837 418 3900 sit
450 3834 609 3918 dominus,
634 3843 666 3900 et
688 3858 800 3901 eorum
822 3835 944 3901 elamor
974 3846 1006 3902 et
1028 3839 1194 3931 persuasio
1217 3841 1253 3904 in
1293 3839 1426 3906 ecclesiis

141 3952 266 4010 tantum
300 3939 415 4022 effecit,
451 3939 536 4028 quod
569 3938 707 4005 Bohemi
729 3940 771 4005 ad
799 3939 890 4006 illum
926 3943 1073 4008 conversi
1113 3944 1177 4008 sint
1211 3952 1246 4009 et
1279 3943 1373 4011 illum
1400 3943 1426 4007 in

142 4050 309 4117 dominum
342 4068 435 4111 suum
468 4065 580 4130 regem
625 4046 835 4133 susceperint.
879 4047 967 4111 Dum
1002 4070 1079 4134 ergo
1108 4049 1180 4136 jam
1219 4057 1373 4136 potenter
1401 4048 1428 4111 in

26 4174 29 4178 ⁴
140 4177 241 4242 regno
264 4151 441 4220 Bohemiae
464 4159 635 4217 coronatus
667 4172 702 4214 se
726 4150 927 4218 exhibuisset
950 4162 982 4218 et
993 4152 1130 4240 grandia
1148 4151 1240 4219 bella
1260 4164 1293 4220 st
1318 4155 1428 4222 dissen-

141 4264 249 4328 siones
289 4260 442 4328 Bohemis
484 4282 558 4324 cum
598 4257 903 4347 circumjacentibus
937 4257 1088 4345 gentibus
1134 4266 1248 4323 exorta
1294 4259 1429 4340 fuissent,

141 4366 238 4455 paulo
271 4375 348 4455 post⁴
366 4366 557 4452 magistrum
578 4365 739 4431 Joannem
760 4363 844 4446 Hus,
880 4385 984 4450 usque
1019 4362 1060 4428 ad
1096 4362 1178 4428 haec
1194 4434 1197 4443 Ι
1211 4369 1363 4452 tempora
1395 4361 1430 4427 ob

143 4471 252 4556 fidem,
289 4494 385 4559 quam
422 4471 560 4541 Bohemi
593 4481 626 4534 et
646 4469 772 4537 Morari
807 4477 1028 4556 susceperuut,
1062 4474 1194 4555 propter
1218 4471 1430 4557 sumptionem

143 4578 337 4645 sacramenti
370 4575 430 4642 sub
453 4584 588 4664 utreque
610 4575 738 4663 specie:
761 4573 835 4639 ideo
859 4574 955 4638 etiam
985 4582 1130 4658 tempore
1166 4570 1307 4665 loannis
1341 4557 1435 4639 Zilis

144 4683 375 4750 destruxerunt
396 4681 512 4746 multas
535 4703 637 4764 ercan,
661 4689 775 4757 castra,
800 4678 955 4744 ecclesias
977 4677 1140 4742 Romanas
1174 4698 1214 4741 ac
1236 4679 1437 4760 monasteria,

128 4784 251 4875 trabes
277 4783 497 4852 Taborienses
519 4785 622 4854 terme
642 4783 763 4871 ubique
784 4804 843 4870 par
864 4804 1000 4869 regnum
1021 4780 1200 4848 Bohemiae
1221 4789 1256 4850 et
1277 4783 1432 4851 marchic-
