2946 5086
599 215 618 251 ·
1134 203 1183 221 ¹·
1267 182 1388 323 e

92 412 280 501 iniquitates
301 413 499 501 vituperans,
522 412 722 501 laudansque
753 411 889 506 virtutes
919 411 1082 496 honestas,
1112 422 1144 478 et
1165 415 1264 479 vitam
1299 417 1384 503 piam

92 515 277 583 hominibus
308 509 497 609 ,aliquande
520 538 579 603 per
601 521 746 605 popinas,
778 516 916 599 subinde
941 518 976 582 in
1008 517 1124 585 insulis
1157 527 1190 583 et
1218 518 1386 586 littoribus·

93 620 240 687 Daemon
263 633 351 704 vero,
375 623 517 707 quinon
540 621 686 707 quiescit,
708 616 834 705 timens,
857 637 1011 708 ueregno
1035 644 1091 687 suo
1114 631 1229 688 noceat
1251 634 1282 689 et
1298 624 1387 713 judi·
1467 636 1470 641 '

93 749 167 792 cans
189 749 226 792 se
248 726 414 791 meliorem
433 715 601 791 accessum
640 735 671 790 et
687 725 891 791 occasionem
905 746 964 812 pro
980 719 1196 814 impediendis
1218 727 1270 792 his
1294 726 1387 794 honis

91 852 153 897 non
175 829 309 912 habere,
332 830 396 894 nisi
416 851 475 916 per
512 828 653 895 titulatos
677 828 881 894 sacerdotes:
903 828 1032 894 'tactum
1063 831 1172 917 itaque
1193 831 1263 915 fuit,
1301 832 1387 921 qnod

88 936 163 1001 illos
188 947 302 1000 contra
324 932 465 1011 eundem¹
484 933 602 1000 talibus
624 933 687 998 viis
709 934 939 999 concitaverit.
994 934 1083 1000 Dum
1105 956 1170 999 non
1194 936 1303 1021 semel,
1323 937 1387 1011 ¹sed

88 1040 221 1128 saepius
245 1044 366 1106 curiam
389 1039 615 1116 ascenderunt,
637 1060 658 1104 a
677 1037 897 1126 Pragensibus
907 1047 1065 1128 petentes,
1089 1047 1124 1104 ut
1161 1039 1268 1106 eidem
1305 1042 1388 1109 tales
1451 1040 1454 1047 “

89 1146 163 1233 ejus
187 1145 360 1209 conciones
381 1151 541 1232 potestate
564 1143 648 1209 laica
669 1142 903 1217 interdicantur
934 1142 1065 1222 tamdiu,
1094 1142 1199 1209 donec
1233 1144 1274 1211 ab
1305 1147 1387 1233 epis'·
1422 1223 1424 1229 Ι

87 1250 181 1338 copis
194 1248 349 1313 Romanis
372 1252 433 1315 rite
444 1257 476 1312 et
497 1247 616 1331 debite,
638 1240 723 1315 sicut
743 1247 792 1313 illi
815 1249 889 1336 ipsi,
910 1247 1076 1315 ordinatus
1091 1248 1196 1327 fucrit.
1217 1249 1261 1314 Et
1276 1271 1386 1338 quarn·

87 1355 141 1421 vis
164 1353 351 1439 Pragenses
373 1375 447 1417 enm
469 1352 510 1419 ad
535 1374 569 1417 se
592 1353 685 1418 citari
701 1353 869 1439 jusserint,
903 1360 936 1417 et
970 1353 1087 1440 partim
1114 1352 1386 1420 admonitionibus

88 1457 200 1542 bonis,
222 1457 341 1546 partim
362 1478 440 1523 vero
462 1455 511 1521 illi
533 1477 647 1522 severe
679 1455 833 1521 minando
856 1454 938 1520 haec
970 1454 1128 1543 impedire
1151 1466 1185 1522 et
1214 1456 1388 1545 prohibere

87 1562 198 1628 conati
221 1561 351 1646 fuerint,
379 1559 421 1625 ad
435 1557 780 1627 haseintermittenda
792 1568 904 1624 tamen.
920 1557 1010 1624 illum
1025 1559 1221 1647 persuadere
1242 1583 1308 1626 nen
1331 1582 1387 1650 pe·

87 1674 230 1750 tuerunt,
248 1667 324 1754 quia
337 1687 462 1752 <nempe
484 1664 597 1730 habuit
619 1657 767 1751 spiritum
788 1662 1099 1730 bonumferventem
1121 1666 1154 1728 in
1182 1687 1227 1749 se,
1248 1665 1387 1754 ideoque

88 1794 219 1862 semper
240 1771 345 1858 magis
379 1771 551 1837 conciones
574 1767 722 1857 ejusdem
753 1792 813 1857 per
837 1768 1010 1834 civitatem
1044 1769 1298 1855 invalescebant,
1331 1772 1388 1855 its,

89 1877 178 1968 qnod
195 1878 408 1965 jammagna
429 1869 523 1961 copia
544 1874 711 1940 hominum
723 1872 963 1956 notabiliorem,
986 1890 1164 1961 pauperum·
1179 1895 1218 1939 ao
1240 1873 1387 1967 divitum,

90 1986 343 2053 domesticorum
365 1991 398 2049 et
418 1982 662 2071 peregrinorum
686 1981 728 2048 ad
755 1979 847 2046 illum
880 1987 1077 2066 congregata
1110 1979 1227 2071 fuerit3
1250 1989 1305 2048 ac
1322 2003 1386 2070 qno

88 2091 197 2178 magis
220 2089 268 2156 illi
291 2071 373 2155 haec
392 2085 618 2177 prohibebant,
642 2108 680 2152 eo
704 2087 859 2175 majorem
890 2075 1133 2149 inclinationem
1167 2093 1200 2148 et
1221 2085 1387 2153 confiden-
1419 2143 1422 2149 .

89 2197 170 2262 tiam
193 2195 236 2262 ad
259 2194 397 2261 eundem
428 2192 566 2282 populus
589 2190 711 2274 habuit,
746 2198 777 2256 et
808 2190 886 2255 licet
918 2186 1054 2253 subinde
1079 2184 1242 2275 sel³raga
1273 2191 1388 2259 absen-

90 2296 261 2382 tuseet,‘et
282 2298 325 2364 ad
346 2297 426 2364 alias
450 2299 598 2364 civitates
630 2305 661 2361 et
689 2317 792 2384 pagos
814 2293 855 2359 ad
878 2291 1124 2381 propagandum
1150 2294 1283 2360 verbum
1307 2295 1389 2363 divi.-

89 2428 166 2471 num
189 2402 387 2485 recessisset,
401 2403 539 2489 Pragam
560 2392 669 2467 tamen
691 2421 820 2487 semper
835 2399 955 2464 redivit
985 2400 1154 2487 minasque
1191 2399 1297 2464 nullas
1334 2423 1388 2468 cn·

91 2511 185 2589 rapit.
230 2508 297 2574 Hic
316 2509 377 2574 fuit
398 2519 485 2573 certe
508 2507 603 2573 homo
625 2505 730 2575 bonae
754 2506 833 2593 spei,
858 2504 1003 2587 devotus,
1026 2504 1108 2592 pius,
1133 2504 1238 2570 Deum
1259 2507 1386 2590 timens,

92 2625 122 2680 et
143 2615 246 2681 vitam
266 2613 390 2689 ¹ducens
418 2611 648 2701 exemplarem,
680 2609 766 2675 dona
787 2608 853 2674 Dei
881 2608 1062 2698 possidens,
1099 2618 1131 2674 et
1154 2611 1187 2675 in
1206 2609 1272 2676 hoc
1297 2610 1385 2676 omni
1409 2674 1414 2682 ,

94 2740 225 2786 securus
246 2718 316 2802 fuit,
340 2716 426 2806 quod
448 2717 538 2782 illum
560 2738 625 2781 non
648 2723 772 2787 tantum
794 2713 838 2798 hi,
858 2715 916 2802 ,qui
952 2714 1016 2802 ipsi
1038 2713 1125 2780 bona
1142 2713 1305 2799 favebant,
1329 2714 1388 2783 sed

95 2825 188 2890 etiam
212 2821 275 2910 ipsi
298 2821 444 2909 ejusdem
465 2820 598 2904 inimici,
635 2822 777 2887 maxime
798 2841 876 2888 vero
900 2820 1006 2887 clerus
1023 2823 1113 2912 juste
1135 2844 1199 2888 non
1222 2823 1386 2910 potuerint

93 2923 214 2994 inulla
236 2926 372 3010 macula,
395 2927 585 3014 praesertim
608 2933 742 2992 externa
776 2925 1031 3015 deprehendere,
1061 2937 1128 2992 tam
1151 2928 1223 3015 pius
1246 2928 1332 2993 enim
1355 2932 1388 3017 st
1419 2958 1421 2963 ·

92 3031 246 3101 honestus
268 3032 303 3097 in
325 3020 488 3118 operando
510 3031 580 3114 fuit,
611 3030 697 3119 quod
719 3031 828 3098 multis
851 3031 1092 3120 complacuerit,
1127 3034 1273 3122 exceptis
1309 3031 1387 3118 illis,
1409 3019 1428 3042 ⁶

93 3139 209 3232 quibus
244 3126 456 3203 communiter
485 3136 552 3204 vita
580 3136 733 3220 virtuosa,
750 3138 963 3223 'praesertim
978 3136 1120 3225 ,clericis
1153 3137 1283 3204 fastidio
1316 3136 1386 3213 luit,

92 3243 188 3327 Quod
213 3243 308 3308 etiam
331 3243 508 3327 maximnm
541 3243 765 3327 argumentum
796 3251 903 3307 sectae
925 3241 1151 3308 Piclrharticae
1184 3243 1245 3308 fuit
1274 3252 1386 3310 contra

90 3349 176 3432 illos,
200 3347 256 3433 qui
267 3346 318 3410 his
330 3344 530 3433 temporibus
551 3352 616 3409 tam
628 3346 755 3411 honesti
766 3345 976 3434 apparebant.
997 3346 1088 3432 Erga
1109 3369 1267 3434 pauperes
1290 3350 1387 3414 etiam

89 3463 155 3520 tam
180 3450 367 3545 misericors
389 3451 503 3529 fuerat,
538 3449 623 3539 quod
660 3453 797 3540 ipsemet
829 3451 870 3516 ab
893 3449 1009 3516 incolis
1042 3451 1171 3517 auxilia·
1187 3452 1386 3540 temporalia,

91 3578 212 3646 nempe
235 3554 459 3643 eleemosynas
489 3563 673 3643 acceptans,
707 3555 749 3621 de
769 3555 835 3622 illis
864 3554 1003 3644 plurima
1024 3557 1221 3646 pauperibus
1251 3569 1283 3625 et
1312 3582 1386 3649 cap-

93 3663 172 3730 tivis
197 3661 306 3726 animo
328 3659 522 3726 laetabundo
545 3660 703 3725 tribuerit.

182 3764 272 3830 Dum
294 3764 402 3850 itaque
426 3763 717 3849 Pragaeexistens
750 3764 831 3830 tales
864 3768 1091 3856 oppressiones
1124 3790 1163 3834 ac
1193 3744 1384 3834 afflictiones

88 3871 259 3937 hominum
281 3867 408 3934 videret
434 3876 466 3932 et
487 3869 630 3949 resciret,
654 3867 774 3933 diutius
795 3869 853 3935 illa
864 3871 998 3937 sufferre
1020 3881 1132 3938 eontra
1154 3872 1385 3939 conscientiam
1440 3910 1441 3914 =

93 3973 251 4063 nequivit,
278 3971 335 4036 scd
349 3971 458 4047 literas
474 3972 516 4038 ad
537 3962 830 4048 administratorem
854 3983 887 4041 et
907 3976 977 4064 ejus
1000 3977 1227 4055 consistorium
1250 3997 1292 4041 ex
1306 3999 1385 4043 vera

92 4089 125 4145 et
147 4080 287 4160 sincera,
317 4078 454 4149 ferventi
476 4100 515 4142 ac
538 4092 649 4142 sancta
671 4076 949 4147 commiseratione
971 4080 1024 4146 die
1045 4080 1137 4146 Jovis
1160 4089 1234 4146 ante
1258 4081 1384 4146 tertiam

93 4174 291 4250 dominicam
315 4182 588 4270 quadragesimae
604 4181 658 4247 die
688 4183 824 4246 sanctae
842 4183 1011 4269 Gertrudis
1041 4186 1136 4274 hujus
1167 4185 1243 4248 anni
1273 4185 1308 4248 in
1328 4205 1384 4272 pa·

91 4289 240 4356 rochiam
263 4287 468 4375 Teynensem
491 4288 588 4372 misit,
620 4287 662 4353 ad
695 4284 851 4373 quosdam
884 4290 1006 4358 amicos
1031 4290 1082 4355 -de
1115 4297 1198 4358 statu
1233 4291 1384 4379 equestri,

90 4416 174 4484 qnae
196 4394 245 4458 ita
268 4401 405 4459 sonant:
