2946 5086
99 134 164 201 214

94 303 229 393 quidam
266 302 357 369 cives
379 308 413 367 et
427 300 534 389 judex
555 297 737 369 citaverunt
758 308 792 365 et
813 298 967 367 dixerunt
987 300 1028 378 ei,
1061 321 1104 365 an
1124 298 1176 366 illi
1194 296 1323 364 licimrn·
1336 299 1378 384 sit

91 406 269 495 sejudicio
291 405 457 471 hominum
479 425 652 493 opponere,
690 426 764 469 cum
785 405 840 469 isti
857 404 946 491 juste
966 403 1009 470 ad
1029 412 1169 471 mortem
1198 407 1377 474 condemns
1411 495 1412 499 Ἰ

91 516 117 579 ti
140 516 206 579 sint
227 510 270 577 ab
292 510 369 593 illis,
391 511 448 597 qui
470 509 630 576 doctiores
653 515 729 573 sunt
748 509 784 573 in
797 507 873 593 fide,
896 530 993 596 quam
1014 509 1080 577 ille.
1119 511 1302 599 Respondit
1319 512 1377 579 ille:

93 616 171 702 quid
205 614 248 679 ad
269 635 322 678 me
344 611 491 679 doctrina
523 612 699 695 hominum,
723 634 784 699 ego
806 611 929 699 dirigor
950 612 1016 679 fide
1037 612 1241 700 christiana3
1261 615 1377 682 audire

91 742 161 786 ram
184 720 326 786 enimin
364 718 504 784 ecclesia
526 716 668 800 Christi3
691 728 864 803 antequam
877 717 950 803 quis
960 717 1108 804 profiteri
1129 717 1269 785 deberet
1282 720 1377 787 Chris

92 833 161 891 tum
193 821 407 911 personaliter
429 832 636 909 praesentem
670 823 705 887 in
727 822 822 888 altari
843 831 899 887 aut
930 823 1071 908 inpane
1105 842 1191 906 essa,
1227 834 1264 888 nt
1283 827 1377 913 potius

92 928 258 996 moriatur.
293 925 390 1009 Quod
413 926 537 992 eisdem
559 949 624 994 non
638 925 936 1015 placuit‚,illevero
951 924 1053 991 abeis
1075 928 1216 992 recessit
1235 928 1274 993 in
1295 928 1379 995 aliun

91 1033 196 1100 locum
221 1053 398 1115 carcerum,
422 1041 454 1107 et
476 1031 578 1096 altera
600 1030 654 1096 die
676 1029 872 1096 mandarunt
898 1029 990 1095 illum
1011 1029 1088 1095 duci
1109 1030 1153 1095 ad
1168 1033 1294 1099 curiam
1307 1034 1378 1099 inter

91 1138 171 1203 alios
195 1137 350 1224 captivos.
374 1135 454 1201 Post
474 1135 599 1223 aliquot
620 1157 698 1201 vero
721 1135 802 1217 dies,
824 1134 927 1199 ferma
948 1135 1044 1199 tertia
1067 1135 1263 1220 septimana,
1292 1136 1379 1203 ‹luxe-

90 1251 165 1306 runt
185 1239 276 1305 illum
298 1238 340 1304 ad
362 1261 471 1305 arcem
493 1237 704 1325 Pragensem,
727 1248 759 1304 et
771 1237 907 1305 statibus
917 1236 1009 1302 illum
1019 1248 1273 1324 praesentarunt
1288 1241 1380 1329 (erant

91 1346 178 1410 enim
200 1355 277 1409 tunc
312 1344 467 1427 comitia),
504 1343 561 1409 ubi
581 1342 683 1408 multa
703 1342 767 1429 ipsi
800 1340 1023 1428 loquebantur,
1058 1349 1091 1405 et
1122 1343 1243 1407 itermu
1265 1344 1307 1409 ab
1333 1345 1379 1409 ille
1413 1340 1416 1415 l

91 1470 248 1538 responsa
282 1446 358 1512 data
390 1447 480 1512 fuere
502 1446 652 1535 plurima,
688 1447 830 1511 maxime
853 1445 981 1534 quando
1002 1443 1167 1511 referebat
1189 1469 1315 1529 casnm,
1334 1451 1381 1537 qni
1414 1446 1416 1451 ’

91 1555 156 1641 ipsi
179 1552 307 1619 accidit.
350 1550 496 1617 Tandem
531 1551 736 1635 mandarumt,
758 1559 796 1614 ut
815 1549 982 1639 paululum
1004 1549 1147 1634 recedat,
1171 1557 1304 1641 et'post
1322 1577 1382 1619 mo·

89 1679 158 1722 ram
180 1656 338 1721 miserunt
359 1654 401 1721 ad
422 1654 692 1721 illumdomiuum
715 1654 958 1743 sigismundum
981 1652 1150 1742 Smiricky
1176 1665 1210 1721 et
1224 1658 1381 1725 dominum

90 1762 274 1829 Gesconem
296 1759 502 1847 Strnjeticky,
526 1761 581 1848 qui
617 1762 724 1848 ipsum
747 1760 880 1826 allocuti
902 1766 985 1841 sunt,
1008 1768 1044 1825 nt
1055 1758 1173 1844 edicat,
1196 1783 1242 1826 an
1262 1764 1381 1830 crcdat:

90 1866 166 1933 dum
200 1865 350 1931 sacerdos
388 1877 556 1932 consecrat
590 1887 709 1953 panem
743 1874 775 1930 et
809 1867 932 1948 vinum,
968 1863 1054 1949 quod
1077 1863 1137 1930 sub
1161 1869 1276 1953 specie
1296 1870 1382 1957 panis

89 1993 202 2037 verum
225 1968 347 2036 Christi
369 1992 486 2057 corpus
523 1968 607 2034 adsit
639 1980 671 2035 et
705 1970 836 2058 sanguis
859 1969 979 2035 Christi
1002 1966 1062 2034 sub
1086 1970 1197 2054 specie
1218 1972 1307 2057 vini3
1336 1972 1382 2039 val

6 2111 17 2130 „
90 2096 133 2139 an
165 2073 350 2141 sacerdotes
384 2072 426 2137 de
460 2071 588 2139 Christo
626 2076 784 2158 nesciant,
807 2075 872 2139 nisi
891 2095 951 2161 pro
972 2072 1028 2138 illo
1050 2074 1094 2139 ad
1131 2074 1263 2143 coelum
1293 2078 1381 2145 vade·

89 2178 186 2259 rent?
222 2179 310 2243 Dum
346 2199 422 2264 ergo
456 2178 547 2243 illum
579 2178 623 2243 ad
644 2200 835 2267 responsum
857 2193 1041 2266 coegerunt,
1065 2182 1164 2248 dixit:
1187 2182 1265 2271 Ego
1294 2184 1380 2250 credo

85 2285 183 2372 juxta
215 2282 314 2348 fidem
351 2282 571 2367 christianam,
594 2306 676 2372 quae
699 2293 749 2349 est
770 2306 848 2350 vera
869 2295 902 2350 et
923 2285 1078 2373 perfecta,
1108 2286 1247 2354 cuilibet
1268 2288 1380 2354 bomini

91 2387 293 2454 adsalutem
315 2390 510 2472 necessaria,
546 2390 615 2454 sine
638 2411 702 2478 qua
723 2389 787 2457 fide
817 2403 850 2455 et
881 2393 951 2457 sine
972 2393 1111 2457 veritate
1133 2392 1206 2478 ejus
1229 2415 1250 2458 a
1270 2394 1379 2481 princi·

90 2494 145 2582 pio
167 2492 281 2559 muudi
313 2491 421 2557 nullus
461 2492 556 2559 homo
579 2493 688 2561 salvus
710 2494 780 2578 fuit,
803 2517 863 2562 nec
884 2518 970 2562 nunc
1003 2506 1066 2581 est,
1089 2482 1199 2586 neque
1221 2521 1324 2588 usque
1342 2499 1377 2565 ad

89 2599 365 2664 consumationem
389 2596 510 2663 sacculi
532 2600 601 2663 erit
648 2598 744 2680 Quod
765 2609 873 2666 autem
894 2602 1061 2667 concernit
1081 2600 1186 2667 verba
1208 2602 1330 2669 Christi
1348 2607 1375 2669 in

90 2704 334 2770 consecratione
349 2711 504 2792 corporis¹
530 2714 562 2768 et
583 2704 765 2795 sanguinis,
793 2702 978 2793 respondit,
1011 2704 1104 2793 quod,
1133 2692 1248 2774 credat
1279 2707 1375 2775 verbis

91 2806 223 2891 Christi,
246 2807 333 2894 quod
353 2809 447 2897 panis
470 2809 512 2873 sit
533 2830 649 2896 corpus
672 2806 793 2874 Christi
828 2819 859 2873 et
880 2808 993 2875 vinum
1015 2812 1050 2875 in
1072 2810 1175 2877 calice
1199 2814 1374 2900 sitsanguis

91 2911 224 2996 Christi,
261 2912 339 2979 dum
374 2912 432 2977 illa
454 2922 684 2979 consecrantur
715 2936 736 2978 a
758 2936 835 2980 vero
859 2913 1026 2981 sacerdote
1050 2912 1201 2999 Christi.¹
1229 2918 1275 2983 Et
1309 2919 1373 2984 duro

88 3016 170 3082 haec
192 3017 340 3094 dixisset,
373 3020 510 3104 rogavit,
533 3018 683 3109 utillum
704 3041 806 3106 penes
830 3018 911 3085 hacc
943 3019 1132 3106 relinquant
1153 3031 1188 3087 et
1210 3023 1296 3091 ultra
1316 3045 1371 3090 non

90 3112 237 3208 urgeant.
280 3121 344 3187 His
365 3121 461 3187 dictis
497 3121 682 3210 obligarunt
701 3123 803 3206 illum,
827 3123 888 3189 sub
923 3122 988 3189 fide
1010 3133 1043 3189 et
1072 3123 1246 3194 honestate
1274 3128 1372 3209 nobili,
1414 3186 1416 3207 ,

90 3239 125 3295 nt
147 3236 331 3317 compareat
363 3250 472 3296 coram
508 3248 585 3316 rege
618 3239 652 3295 et
671 3231 860 3318 proceribus
894 3231 948 3297 die
987 3231 1103 3311 Martis
1135 3241 1212 3320 post
1249 3241 1372 3320 quatuor

89 3343 236 3423 tempora
256 3337 405 3424 proxime
426 3336 555 3422 futura3
579 3337 733 3404 dimissus
755 3358 833 3403 vero
848 3359 913 3402 uon
935 3335 1005 3420 fuit,
1025 3336 1190 3431 nisi'post
1211 3338 1294 3405 duos
1316 3338 1373 3405 fere

89 3460 201 3523 annos,
224 3442 298 3529 quia
319 3463 380 3508 rex
399 3440 625 3509 Fordinandm
647 3460 720 3509 rem·
739 3440 823 3507 hanc
845 3463 973 3530 semper
993 3443 1099 3529 magis
1120 3441 1259 3510 distulit.

636 3654 783 3722 CAPUT
805 3657 836 3723 9.

88 3837 150 3899 Ubi
166 3844 304 3898 narratur
321 3839 358 3897 de
376 3836 528 3897 innocenti
551 3845 646 3898 morte
658 3838 776 3898 Nicolai
798 3845 827 3897 et
842 3834 958 3911 Clarae,
970 3843 998 3895 ot
1014 3831 1256 3899 concrematione
1269 3850 1373 3908 ¹eorum,

89 3927 168 4002 quod
190 3927 229 3985 ad
251 3932 375 3986 mortem
397 3932 426 3983 et
448 3921 629 4003 supplicium
644 3927 839 4002 procedentes
862 3926 944 3987 nullo
967 3924 1191 3983 modoflectere
1214 3918 1371 3995 volucrunt,

88 4030 185 4089 neque
206 4012 295 4073 aliter
316 4031 411 4088 orare,
433 4008 496 4072 nisi
518 4012 556 4071 ad
578 4012 676 4071 Deum
693 4014 806 4084 vivum,
830 4013 883 4095 qui
905 4013 935 4072 in
960 4010 1051 4070 coelis
1069 4018 1125 4085 est,
1149 4018 1180 4070 et
1203 4029 1294 4087 qnam
1315 4028 1372 4070 con·

440 4107 552 4160 stantes
573 4098 684 4159 inerint
705 4120 800 4177 usque
819 4103 857 4160 ad
879 4107 1012 4160 mortem.
1085 4138 1090 4145 «
1199 4112 1206 4131 ³

170 4271 259 4337 Dum
282 4294 360 4360 ergo
383 4274 429 4338 ita
451 4282 602 4360 ageretur
623 4274 708 4341 inter
729 4274 817 4341 hunc
840 4275 1021 4355 tumultum,
1045 4275 1098 4345 die
1113 4276 1274 4345 Mercurii
1291 4281 1373 4366 prout

87 4376 273 4443 mandatum
296 4377 367 4462 fuit,
390 4388 465 4444 ante
488 4379 634 4477 vigiliam
667 4380 699 4447 S.
722 4381 876 4466 Thomae,
915 4393 947 4448 ct
967 4382 1130 4449 Dominus
1152 4381 1371 4466 Perknewsky

88 4483 325 4569 suprascriptus
361 4482 402 4548 ad
437 4483 518 4549 haec
554 4483 759 4569 advenisset,
796 4486 924 4574 quando
970 4485 1062 4553 illum
1092 4486 1269 4554 Nicolaum
1311 4506 1371 4551 cum

88 4583 186 4651 Clara
221 4597 295 4674 post
328 4588 628 4655 condemnationem
665 4591 707 4657 ad
730 4592 925 4680 supplicium
963 4593 1135 4679 duxerunt,
1175 4605 1213 4660 ut
1247 4596 1282 4662 in
1306 4611 1371 4678 rogo
1414 4652 1416 4661 .

87 4700 339 4778 concrementur,
374 4703 407 4759 et
439 4693 515 4761 dum
537 4717 651 4763 versus
673 4695 780 4765 aulam
803 4700 926 4784 regiam
948 4697 1127 4783 venissent,
1148 4701 1209 4769 ubi
1238 4702 1274 4769 in
1294 4717 1371 4765 muro
