2946 5086
124 149 199 225 284

135 322 252 400 milnre,
270 339 406 409 possum
427 317 594 387 dominum
613 319 775 391 Joannem
795 319 930 389 Hlavse
950 317 992 391 de
1012 317 1186 402 Libcslav,
1218 318 1276 406 qui
1304 335 1412 383 omnes

135 427 216 493 alios
239 424 351 492 exules
375 430 407 489 et
427 421 765 510 relegatosconsocios
783 448 864 495 ¹suos
885 426 920 489 in
942 423 1003 489 hoc
1025 423 1191 511 superavit
1201 430 1235 488 et
1253 421 1412 510 praeemi-

132 533 211 616 nuit,
235 529 320 619 quod
342 528 517 593 maximam
539 526 800 612 sollicitudinem,
831 528 1043 615 diligentiam,
1074 547 1236 616 expensas
1271 527 1307 590 in
1328 524 1415 589 hisce

133 631 379 701 necessitatibus
414 630 611 720 impenderit
656 654 731 701 cum
767 633 929 720 frequenti
960 631 1104 721 periculo
1133 632 1222 698 vitae
1255 651 1333 694 suae
1363 650 1417 716 pro

132 737 345 828 possibilitate
377 757 436 801 sua
467 758 618 822 magnam
651 736 802 803 obtinens
844 735 1037 819 libertatem,
1075 732 1343 800 consuetudinem
1393 741 1422 796 et

132 842 288 924 notitiam,
320 841 407 906 etin
435 839 487 904 his
516 839 665 906 omnibus
693 841 1013 928 circumspectionem
1034 837 1122 926 apud
1143 859 1258 924 regem
1291 844 1324 901 et
1345 835 1421 901 alios

134 946 325 1035 praecipuos
357 953 390 1010 et
423 941 633 1011 notabiliores
656 966 699 1010 ex
731 945 819 1011 omni
840 953 926 1011 statu
946 943 1052 1009 altiori
1074 954 1107 1008 et
1140 942 1298 1025 inferiori,
1332 940 1422 1005 cleri·

136 1072 257 1133 corum,
287 1047 499 1114 saecularium
528 1056 560 1113 et
592 1046 728 1114 aliorum
757 1048 934 1134 hominum,
962 1056 998 1113 ut
1028 1048 1118 1113 Deus
1142 1047 1172 1112 ei
1207 1055 1241 1111 et
1264 1043 1423 1110 consociis

134 1157 199 1221 suis
222 1153 358 1241 gratiam
379 1151 467 1241 apud
487 1151 560 1218 illos
582 1152 730 1220 invenire
751 1153 948 1219 concesserit
969 1161 1100 1236 tantam,
1133 1149 1219 1239 quod
1244 1171 1359 1214 omnes
1381 1149 1424 1213 eie

132 1257 364 1340 condoluerint,
399 1258 434 1321 in
469 1256 527 1322 tali
560 1279 671 1323 eorum
700 1259 821 1346 injusta
852 1257 1029 1325 afflictione
1062 1266 1122 1322 etc.
1162 1255 1343 1341 Postquam
1360 1253 1425 1340 jam

132 1363 240 1430 omnia
268 1360 417 1426 dominus
444 1357 578 1426 Hlavvsa
605 1359 798 1450 perfecisset
820 1383 879 1428 sua
909 1383 1028 1448 magna
1056 1359 1227 1446 diligentia
1256 1369 1289 1422 et
1313 1355 1426 1422 seduli·

131 1473 357 1552 tate‚,tempus
374 1464 444 1550 jam
467 1462 573 1529 eidem
605 1465 719 1530 aDeo
753 1464 934 1554 praefixum
967 1461 1257 1554 appropinquabat,
1289 1483 1356 1549 quo
1377 1459 1427 1526 ad·

131 1572 277 1636 mittente
309 1567 478 1633 infirmitas
511 1567 619 1653 gravis
651 1576 684 1633 et
714 1568 907 1641 insanabilis
937 1568 1029 1634 illum
1049 1568 1179 1646 invasit,
1213 1587 1299 1654 quae
1322 1564 1426 1652 impri-

134 1676 196 1741 mis
219 1671 356 1739 subinde
378 1671 638 1756 imminuebatur,
661 1672 799 1739 subinde
821 1695 900 1739 verc
922 1674 1059 1739 nimium
1090 1670 1282 1758 augebatur,
1318 1669 1426 1735 ultimo

132 1777 263 1845 tandem
284 1774 509 1841 imbecillitate
529 1776 635 1842 victus
657 1776 821 1856 decubuit,
838 1778 944 1865 jacuit
960 1778 995 1843 in
1010 1776 1189 1843 afflictione
1203 1797 1337 1862 magna,
1365 1795 1426 1839 sae·

130 1883 207 1972 pius
228 1880 285 1946 diu
305 1889 466 1967 noctuque
489 1881 630 1969 quietem
652 1904 718 1948 non
740 1882 891 1949 obtinens
912 1905 972 1971 per
1001 1881 1126 1970 aliquot
1155 1881 1370 1970 septimanas,
1398 1879 1427 1943 in

131 2009 197 2073 qua
217 1984 403 2051 infirmitate
424 1987 592 2050 continuas
606 2008 721 2073 proces
743 1986 785 2053 ad
796 1987 905 2061 Deum
926 1986 1018 2070 fudit,
1041 2009 1107 2052 non
1130 1985 1263 2074 quidem
1286 1996 1355 2050 tam
1376 2001 1427 2072 pro

130 2089 276 2157 ulteriori
298 2091 435 2157 sanitate
450 2088 636 2169 obtinenda,
657 2091 716 2156 sed
737 2113 795 2178 pro
809 2091 899 2159 felici
910 2093 997 2159 vitae
1018 2093 1156 2158 termino
1179 2099 1212 2156 et
1233 2112 1295 2179 pro
1319 2110 1425 2178 pecca-

133 2203 238 2262 torum
259 2195 458 2261 remissione.
493 2194 646 2280 Dumque
669 2217 705 2260 se
727 2196 773 2261 ita
794 2195 980 2262 mundasset
1000 2197 1035 2262 in
1057 2196 1120 2262 boc
1142 2195 1323 2262 christiano
1357 2217 1423 2282 pnr-

132 2300 268 2386 gatorio,
291 2298 378 2387 quod
390 2298 487 2366 valde
508 2299 668 2386 patienter
690 2299 828 2383 sustulit,
852 2301 931 2365 etin
946 2322 1039 2367 sacra
1057 2301 1259 2388 poenitentia
1283 2320 1425 2388 perseve-

134 2404 230 2482 ravit,
251 2403 395 2491 respexit
404 2402 497 2469 Deus
518 2423 633 2490 preces
655 2402 811 2490 ejusdem,
834 2413 1001 2491 morteque
1014 2404 1152 2470 eundem
1174 2403 1323 2470 visitavit
1333 2409 1424 2468 noctu

133 2507 188 2573 die
209 2507 384 2573 Dominica
403 2507 486 2573 festo
509 2505 543 2574 S.
565 2505 700 2572 Priscae
723 2506 876 2595 (lv-18.
897 2507 987 2597 Jan.)
1010 2531 1094 2575 anno
1123 2509 1260 2576 Domini
1286 2508 1380 2574 1554.

221 2610 318 2694 Quod
328 2634 406 2679 vero
421 2611 503 2678 haec
521 2611 658 2677 dissidia
672 2611 797 2678 tamdiu
816 2612 1005 2680 duraverint
1022 2624 1055 2681 et
1071 2613 1113 2680 ad
1131 2613 1231 2681 finem
1262 2614 1427 2705 pervenire

133 2738 199 2782 non
221 2717 393 2802 potuerint,
423 2715 481 2782 ubi
508 2726 617 2782 tamen
640 2715 795 2782 sedulitas
816 2717 982 2783 hominum
1003 2741 1069 2785 non
1093 2717 1213 2805 defuit3
1235 2718 1320 2785 illud
1341 2740 1427 2784 nemo

131 2821 276 2885 miretur.
299 2819 397 2908 Apud
418 2820 500 2886 tales
522 2822 608 2886 enim
630 2830 808 2908 magnates,
832 2845 937 2909 reges,
959 2824 1123 2912 principes
1146 2833 1178 2890 et
1200 2825 1285 2891 alios
1308 2824 1424 2889 similes

131 2946 197 2990 non
219 2923 337 3009 statim,
363 2925 450 3011 quod
462 2920 592 3014 petitur,
614 2924 787 3010 obtinetur,
810 2929 889 3015 quia
903 2927 1023 3017 ubique
1038 2928 1269 2996 reluctationes
1281 2939 1315 2995 et
1335 2929 1426 2995 resis-

132 3029 254 3100 tentiae
275 3030 489 3118 reperiuntur,
513 3039 611 3118 atque
632 3029 757 3096 falsitas
780 3040 813 3097 et
823 3032 941 3121 injuria
952 3056 1025 3100 cum
1035 3037 1173 3105 veritate
1184 3043 1312 3101 certare
1328 3034 1426 3110 debet,

132 3137 236 3204 donec
250 3138 341 3203 Deus
362 3138 491 3207 veritati
511 3138 682 3205 victoriam
696 3137 825 3223 tribuat,
849 3138 1025 3226 quemlibet
1039 3141 1125 3205 enim
1148 3161 1184 3205 se
1206 3140 1377 3206 timentem
1390 3136 1426 3202 ad

131 3242 358 3338 omnebonum
369 3242 511 3330 adjuvat,
533 3243 706 3310 dummodo
728 3244 852 3310 tamdiu
863 3245 971 3333 pulset
980 3244 1153 3332 diligenter
1174 3267 1213 3310 ac
1226 3253 1308 3328 oret,
1332 3243 1426 3310 donec

134 3347 325 3415 exaudiatur
346 3347 388 3414 ab
411 3370 460 3432 eo,
483 3356 516 3415 et
541 3350 664 3437 pariter
686 3349 818 3416 tandem
839 3350 927 3438 apud
949 3350 1103 3418 homines.
1136 3349 1228 3416 Talis
1250 3371 1332 3424 vero
1354 3347 1424 3414 dila

132 3453 228 3524 tionis
250 3454 353 3540 primo
374 3474 476 3519 causa
497 3454 578 3522 haec
604 3463 663 3539 est,
686 3455 774 3542 quod
797 3455 887 3520 Deus
919 3456 966 3521 ita
999 3454 1120 3522 habere
1140 3454 1293 3538 voluerit,
1324 3450 1423 3519 uthis

131 3557 361 3625 afflictionibus
383 3566 417 3623 et
442 3559 583 3624 miseriis
601 3567 735 3648 propter
756 3569 892 3648 peccata
913 3584 971 3626 sua
993 3568 1201 3648 torqueantur
1238 3568 1272 3623 et
1293 3577 1425 3646 purgen-

136 3671 188 3727 tur
210 3661 245 3727 hi
266 3661 390 3730 exules.
433 3660 546 3729 Altera
568 3684 667 3730 causa
687 3663 757 3747 fuit,
789 3664 876 3752 quod
896 3687 958 3731 rex
979 3664 1164 3731 Ludcvicus
1198 3661 1372 3728 admiserit
1400 3665 1425 3724 et

131 3765 218 3847 §alsa
249 3765 477 3833 informatione
508 3777 643 3856 accepta
671 3767 753 3834 illud
784 3770 965 3854 indulserit,
1001 3770 1071 3836 sine
1102 3767 1239 3857 praevia
1268 3767 1422 3834 auditione

131 3871 234 3960 partis
256 3869 423 3954 adversae,
445 3879 481 3937 ut
502 3871 537 3938 hi
558 3880 670 3938 eontra
691 3872 810 3940 alteros
832 3883 952 3961 agant3
987 3874 1226 3961 quamprimum
1247 3893 1330 3938 vero
1352 3871 1421 3937 baec

132 3976 330 4060 rescivisset,
352 3974 439 4042 unde
460 3976 515 4042 hic
538 3976 694 4044 tumultus
717 3986 805 4044 ortus
834 3977 941 4062 fuerit,
976 3987 1044 4045 tum
1065 3978 1170 4064 primo
1192 3976 1346 4042 notitiam
1367 3996 1422 4040 cer·

134 4079 325 4147 tamhabuit
345 4079 421 4146 hnic
441 4080 544 4148 falsae
565 4082 768 4148 contrariam.
791 4081 935 4172 Ideoque
948 4083 1055 4150 finalis
1070 4082 1207 4148 intentio
1232 4089 1265 4147 et
1287 4081 1422 4148 voluntas

134 4186 204 4273 ejus
226 4184 297 4270 fuit,
331 4185 412 4252 haec
442 4185 636 4272 corrigendi,
668 4196 701 4252 et
729 4189 912 4276 reparandi,
946 4188 1163 4278 injuriamque
1193 4181 1421 4253 contemnendi·

133 4289 225 4369 Deus
247 4312 326 4357 vero
349 4292 553 4380 omnipotens
575 4290 668 4358 illum
690 4312 729 4357 eo
751 4291 908 4358 devenire
930 4302 961 4359 et
983 4315 1022 4365 ea
1043 4291 1202 4381 perficere
1232 4313 1303 4358 non
1333 4284 1422 4356 admi·

133 4396 187 4480 sit,
209 4395 245 4461 in
265 4394 323 4463 illo
345 4394 507 4463 desiderio
528 4417 602 4467 cum
624 4416 668 4461 ex
682 4393 745 4460 hoc
765 4395 885 4462 mundo
908 4417 1069 4482 evocans3
1092 4394 1170 4461 dum
1193 4395 1286 4460 enim
1307 4397 1420 4462 insum

134 4500 234 4581 ‚tinem
256 4510 365 4569 certae
386 4500 460 4574 viae
477 4502 549 4589 jam
569 4507 782 4589 praeparatae
814 4498 961 4585 fuissent,
995 4482 1098 4569 merle
1130 4507 1333 4588 praeventus
1363 4496 1420 4563 fuit

134 4605 277 4693 indeque
299 4604 410 4672 dilatio
432 4605 527 4694 hujus
550 4604 684 4671 ulterior
705 4614 778 4671 orta
797 4603 868 4670 fuit.
912 4605 1061 4672 Tandem
1082 4604 1146 4672 hoc
1166 4627 1311 4694 regnum
1330 4601 1421 4671 Bohe·

122 4707 215 4787 miae
237 4709 381 4779 obtinuit
401 4732 464 4783 rex
484 4707 728 4805 Fordinundus3
752 4709 810 4783 ille
830 4709 909 4785 licet
930 4712 1028 4785 suam
1048 4711 1146 4800 huius
1168 4711 1347 4783 voluntatis
1367 4706 1421 4774 lue·

1462 4744 1469 5003 l
