2946 5086
1339 162 1404 269 as
1440 288 1442 292 Χ

103 375 214 434 natum
236 366 413 450 Moraviae,
437 373 469 432 et
485 366 599 453 judico
621 369 721 434 etiam
742 369 777 434 in
800 369 993 456 quibusdam
1016 371 1096 439 locis
1133 369 1269 459 aliarum
1301 362 1402 441 terra·

100 495 181 556 666,
206 472 324 539 multos
347 473 446 538 etiam
467 472 643 555 monachos
656 473 896 541 interfecerunt
910 468 952 540 'et
975 475 1171 564 expulerunt
1192 477 1234 544 ob
1247 478 1399 567 injuriam

98 578 256 664 magistro
269 575 400 672 ‚loanni
439 576 538 661 Huss,
561 585 594 642 et
628 580 783 664 magistro
819 578 1020 669 Hieronymo
1056 583 1143 648 socio
1166 583 1237 671 ejus
1270 572 1401 653 natione

96 681 255 748 Bohemis
287 681 416 766 iactam,
438 704 519 769 quos
555 681 695 749 Romani
718 676 929 750 Constantiae
964 686 1034 750 sine
1057 685 1153 775 eulpa
1175 702 1402 761 concremare·

95 798 182 856 runt
236 789 412 875 Postquam
444 786 576 854 tandem
608 788 783 877 imperator
815 788 952 875 regnum
984 780 1162 858 Bohemiae
1196 800 1228 858 et
1250 791 1331 859 alias
1366 793 1400 873 ei

94 893 340 982 appertinentes
375 893 525 978 regiones
558 900 632 981 post
664 892 787 981 aliquot
819 915 921 962 annos
943 895 978 959 in
1010 889 1173 982 regimen
1191 886 1398 987 suscepisset,

95 997 257 1066 sollicitus
278 997 348 1080 fuit,
372 985 408 1062 ut
428 996 539 1062 turbas
562 999 741 1082 imminuat,
766 1006 799 1063 et
820 999 848 1064 61
869 997 1023 1087 possibile
1051 999 1160 1095 fuerit,
1182 1001 1280 1090 plane
1301 1000 1402 1071 tollat.

97 1102 263 1168 Bohemos
287 1122 361 1166 cum
384 1099 556 1167 Germanis
578 1102 616 1166 in·
636 1101 798 1190 quandam
811 1123 926 1189 pacem
940 1101 1094 1191 perduxit
1114 1127 1174 1195 per
1195 1116 1399 1197 compactata

101 1204 255 1274 Basileae
283 1204 492 1288 confirmata3
520 1213 622 1292 prout
651 1205 733 1283 haec
754 1207 788 1271 in
812 1207 1005 1295 quibusdam
1028 1208 1158 1296 scriptis
1179 1210 1400 1302 inveniuntur,

102 1311 276 1400 quodcum
289 1311 377 1376 omni
392 1309 562 1396 diligentia
581 1318 713 1376 conatus
734 1311 840 1394 fuerit,
858 1320 894 1377 61
905 1311 1024 1378 debitis
1036 1321 1068 1377 et
1080 1315 1271 1401 opportunis
1283 1314 1400 1383 mediis

102 1438 163 1504 pro
197 1414 414 1503 possibilitate
435 1414 549 1480 horum
572 1425 752 1502 temporum
788 1436 841 1481 res
876 1425 941 1480 tam
964 1411 1065 1481 malas
1102 1416 1280 1513 impedire
1296 1421 1401 1508 possit

103 1529 136 1586 61
157 1518 200 1584 ad
224 1518 344 1584 bonum
365 1511 551 1606 perducere,
597 1518 724 1600 Quibus
746 1517 788 1584 de
822 1520 927 1584 causis
964 1519 1063 1586 multa
1092 1519 1272 1607 agebantur
1293 1510 1399 1591 asta·

100 1622 192 1689 tibus
221 1622 409 1706 Bohemiae,
441 1624 618 1711 imperator
639 1644 834 1688 consensum
857 1645 950 1689 suum
971 1624 1122 1712 praebuit
1154 1624 1197 1692 ad
1219 1622 1401 1714 singulares

101 1727 257 1794 articulos
292 1727 571 1811 infranominatos,
605 1727 688 1793 infra
720 1728 754 1793 16
776 1727 879 1792 literis
903 1726 962 1794 sub
985 1728 1091 1815 sigillo
1113 1730 1291 1819 majestatis
1322 1716 1423 1821 pen-¹

103 1833 194 1899 (16611
230 1854 314 1899 anno
353 1833 494 1900 Domino
525 1832 609 1899 1435
630 1833 674 1897 ad
698 1832 882 1919 eligendum
906 1824 1090 1921 specialiter
1118 1834 1397 1926 arehiepiscopum

102 1938 312 2024 Pragensem,
347 1945 389 2001 et·
415 1936 495 2002 duos
518 1938 686 2024 episcopos
710 1929 942 2022 suffraganeos.
985 1937 1107 2006 Habito
1141 1937 1203 2005 hoc
1236 1962 1397 2009 consensu

100 2041 231 2107 tandem
265 2049 366 2106 status
398 2041 566 2124 baronum,
589 2041 748 2126 equestris
772 2049 804 2104 et
826 2032 933 2106 civilis
969 2030 1095 2128 Pragae
1132 2043 1167 2107 in
1203 2041 1400 2112 (11611116

100 2146 187 2212 thaei
220 2147 256 2216 in
278 2146 416 2211 comitiis
453 2145 549 2233 hujus
587 2147 665 2210 anni
688 2144 855 2230 elegerunt
877 2143 1045 2231 delegatos
1069 2145 1110 2212 de
1141 2147 1249 2216 medio
1271 2148 1400 2217 illorum

98 2273 255 2342 personas
289 2259 393 2316 certas
416 2248 457 2316 de
492 2250 628 2316 statibus
651 2250 820 2334 baronum,
843 2252 988 2338 equestri
1010 2251 1153 2341 etcivili
1175 2274 1214 2318 ac
1245 2252 1398 2340 clericali,

100 2358 152 2447 qui
178 2377 338 2445 personas
374 2355 518 2440 idoneas,
556 2355 834 2443 archiepiscopum
874 2363 906 2419 et
928 2354 1008 2420 duos
1031 2357 1201 2445 episcopos
1236 2358 1394 2447 suffraga-

102 2471 188 2538 neos,
213 2459 415 2526 sacerdotem
452 2458 642 2524 Martinam
661 2459 774 2547 Lupae
796 2458 838 2525 (16
862 2457 976 2546 Ujend,
1019 2468 1050 2524 et
1073 2459 1275 2527 sacerdotem
1299 2462 1397 2530 Wen·

99 2565 242 2630 ceslaum
266 2563 307 2629 (16
316 2563 425 2630 011666
443 2563 575 2650 eligant,
600 2584 679 2651 quos
703 2561 821 2627 deinde
844 2562 877 2625 in
901 2561 973 2628 61116
997 2565 1137 2630 comitiis
1149 2566 1396 2654 promulgarudt

99 2667 326 2758 praesentibus
350 2667 499 2734 omnibns
522 2659 617 2755 regni
639 2667 785 2752 statibus,
810 2688 906 2757 quam
924 2666 1114 2734 electionem
1125 2670 1303 2758 imperator
1316 2672 1398 2741 eon·

99 2774 241 2840 firmavit
262 2775 298 2838 in
321 2773 374 2838 die
397 2773 431 2839 S.
454 2771 682 2859 Margarethae
704 2794 789 2838 anno
814 2773 909 2856 1436,
934 2774 1112 2861 majestatis
1141 2774 1398 2866 literis'promlt·

98 2888 176 2963 tens,
190 2899 238 2943 se
258 2876 344 2943 velle
368 2877 534 2944 sollicitari
557 2877 644 2966 apud
666 2899 794 2966 papam,
817 2887 853 2942 ut
875 2876 1006 2944 eosdem
1023 2877 1065 2943 ad
1080 2878 1162 2945 haec
1174 2881 1283 2946 omnia
1295 2882 1393 2951 etiam

100 2983 275 3050 confirmet.
319 2982 443 3048 Nescio·
461 3005 525 3070 (166
546 2983 588 3048 (16
611 3004 710 3048 66666
731 2982 852 3048 factum
872 2982 979 3067 fuerit,
1003 2984 1088 3071 quod
1111 2985 1153 3050 ad
1175 2985 1210 3052 id
1231 3008 1397 3080 nunquam

99 3089 274 3171 devenerit,
312 3088 396 3153 sicut
431 3087 566 3154 dicitur:
587 3090 624 3154 in
645 3088 710 3152 fine
741 3087 812 3153 laus
834 3087 998 3175 probatur.
1035 3087 1075 3152 16
1098 3088 1285 3179 chymeram
1308 3094 1397 3162 enim

98 3194 145 3260 his
170 3191 283 3259 electis
304 3191 457 3280 praelatis
480 3194 588 3258 omnia
611 3213 768 3258 conversa
790 3200 865 3256 sunt
897 3200 930 3255 et
951 3191 1079 3258 turbata
1114 3193 1245 3261 fuerunt
1267 3197 1394 3288 omnia3

99 3299 153 3366 sed
178 3298 288 3386 opinio
322 3296 488 3363 hominum
522 3306 580 3381 est,
614 3294 702 3386 quod
734 3318 793 3385 per
824 3295 1096 3363 inadvertentiam
1120 3296 1280 3384 Caesaris,
1319 3303 1397 3392 (1616

102 3406 238 3470 nimium
276 3400 410 3485 distulit,
436 3411 477 3466 ¹et
499 3400 628 3467 tandem
650 3409 754 3467 morte
775 3409 971 3488 praeventus
991 3399 1062 3466 1611.
1109 3402 1202 3471 Prius
1226 3407 1313 3473 enim
1332 3406 1396 3475 Ro·

100 3508 267 3597 kyczanus
307 3531 379 3574 cum
413 3508 527 3595 Lupad
552 3529 624 3572 eum
648 3504 1397 3601 (161666166661666666661,1666(116(16ο(1

98 3635 170 3703 spes
184 3611 315 3679 tandem
339 3612 468 3679 illorum
490 3634 576 3680 vana
598 3615 711 3678 6116616
732 3611 830 3677 fuerit
852 3612 941 3675 etin
964 3609 1100 3675 nihilum
1113 3635 1280 3686 conversa.
1302 3616 1396 3686 Haec

97 3719 143 3785 illi
179 3717 410 3805 intelligentes,
450 3719 477 3783 si
513 3740 586 3784 eum
609 3726 705 3783 antea
727 3716 862 3783 multum
884 3716 1118 3804 vituperarunt,
1142 3719 1273 3787 tandem
1302 3721 1395 3793 illurn

94 3825 218 3892 talibus
254 3824 359 3889 adhuc
396 3824 500 3911 magis
523 3823 710 3889 affecerunt
755 3821 936 3914 Imperator
958 3822 1039 3888 haec
1070 3825 1214 3891 resciens
1235 3827 1394 3919 recogita·

88 3933 151 4016 611,
175 3930 303 4018 qualem
337 3929 521 3995 mercedem
544 3928 678 4016 diguam
715 3929 762 3994 eis
784 3950 978 4018 praeparare
1009 3937 1141 4016 posset;
1164 3928 1213 3996 illi
1243 3954 1322 4000 vero
1344 3934 1392 4000 in·

96 4036 291 4123 telligentes,
316 4034 402 4122 quod
440 4035 497 4101 tali
528 4034 709 4118 securitate,
732 4042 768 4099 ut
804 4043 888 4117 ante,
912 4032 976 4098 lrui
998 4054 1063 4098 non
1085 4043 1228 4121 possent,
1251 4036 1390 4127 ideoque

94 4140 312 4228 Rokycnauus
345 4138 471 4227 Pragae
506 4141 541 4205 in
571 4140 737 4228 Teynensi
770 4138 909 4204 66616616
938 4136 1097 4227 parochus
1133 4139 1287 4224 existens,
1310 4141 1395 4210 clam
1435 4206 1438 4211 .

94 4243 435 4331 Regino-Hradecium
472 4246 580 4324 cessit,
619 4254 651 4310 et
671 4245 851 4332 Lupacium
875 4242 1063 4310 Ghrudimio
1080 4241 1183 4308 abire
1212 4245 1392 4332 jusserunt.
1423 4285 1428 4294 .

93 4350 312 4438 Rokyczanus
325 4351 479 4416 Hradecii
509 4373 612 4439 usque
634 4350 676 4415 ad
705 4357 841 4414 mortem
857 4346 1006 4417 Caesaris
1028 4346 1108 4432 fuit;
1132 4345 1393 4441 1661666666-

94 4477 149 4520 sus
171 4440 313 4541 Pragam
343 4457 377 4520 in
399 4457 541 4543 priorem
565 4478 657 4522 suum
680 4454 796 4538 locum,
836 4462 867 4518 et
890 4452 965 4519 dum
991 4451 1153 4541 quoddam
1175 4461 1302 4543 tempus
1325 4479 1391 4524 non

93 4559 177 4624 adeo
200 4558 348 4646 'longum
385 4548 613 4648 praeteriisset,
648 4559 736 4648 (nam
766 4566 846 4652 post,
862 4559 1088 4657 imperatorem
1123 4578 1183 4624 rex
1216 4558 1390 4627 Ladislaus
1438 4576 1440 4581 '

91 4665 181 4731 filius
206 4664 350 4748 ejusdem
367 4663 444 4754 (sic)
478 4689 543 4732 non
566 4665 623 4732 diu
644 4663 743 4754 rexit)
760 4662 976 4752 Rokyezanus
999 4661 1152 4731 continuo
1174 4664 1389 4754 archiepisco·

90 4778 208 4860 patum
243 4767 463 4855 desiderabat,
499 4772 616 4836 mentis
650 4769 792 4857 quietem
812 4791 878 4835 666
900 4767 1023 4837 habens
1057 4771 1099 4840 ob
1120 4772 1276 4860 pinguem
1297 4791 1392 4862 prae·
1443 4844 1447 4851 ,
