2946 5086
147 123 211 191 216

145 317 238 365 orem
252 291 352 358 fidem
368 288 476 373 babet,
500 308 597 376 quam
618 309 676 356 vos
688 288 696 354 t
708 287 763 354 *Et
782 288 859 358 dum
869 288 1039 359 Nicolaum
1054 290 1222 381 ligassent,
1243 295 1439 363 confortabat

137 402 233 469 illum
271 396 369 464 Olera
398 395 481 460 sicut
513 401 618 477 antea,
651 402 688 459 ut
707 403 843 465 mortem
872 418 938 463 non
967 398 1088 482 timeat,
1110 420 1182 469 rnec
1213 399 1354 485 horreat,
1386 402 1435 468 sed

139 513 292 573 constans
314 505 505 590 permaneat
527 506 560 563 et
581 498 666 563 mori
689 507 821 586 paratus
845 502 887 566 sit
909 524 969 588 pro
996 499 1128 570 Obristo
1150 502 1243 590 desu,
1281 505 1367 593 quod
1387 507 1431 573 diu

136 632 203 678 non
224 605 395 687 durabunt,
420 611 452 668 et
473 602 583 690 passio
617 601 700 668 baec
732 603 906 670 assimilari
937 626 1004 696 non
1025 608 1131 694 possit
1162 608 1282 675 merito
1316 611 1429 678 fuurae

138 715 272 804 gloriae.
316 708 378 773 His
400 705 498 771 'dictis
522 704 612 771 illam
646 708 744 772 etiam
766 707 809 779 ad
840 731 954 795 rogum
989 709 1152 777 duxerunt
1181 721 1215 779 et
1242 714 1424 801 ligaverunt,

133 842 230 909 quam
253 816 360 881 denuo
378 809 532 877 Nicolaus
554 809 753 878 admonebat
774 812 908 880 dicens:
932 814 1001 881 Ora
1029 825 1125 903 prout
1154 839 1226 903 ego.
1261 819 1426 908 Respondit

133 927 210 993 illa:
234 916 404 1004 Quomodo
430 936 523 981 orare
545 937 689 1002 possum,
723 919 800 984 dum
821 940 874 984 me
897 928 962 985 tem
987 920 1113 987 fortiter
1135 922 1379 1010 colligaverunt,
1400 932 1426 989 ut

132 1032 234 1097 ferme
255 1024 337 1091 mihi
358 1021 471 1089 ambas
502 1041 617 1085 manus
651 1024 817 1112 fregerint,
851 1047 925 1090 cum
959 1047 1019 1110 ego
1051 1035 1087 1091 nt
1118 1026 1270 1104 foemina,
1299 1050 1364 1094 non
1391 1029 1428 1093 ita

132 1144 229 1226 prout
251 1134 302 1199 vir
324 1132 405 1197 baec
428 1128 562 1194 sufferre
585 1128 719 1216 possim,
742 1139 774 1195 et
796 1138 831 1195 ut
853 1152 964 1195 omnes
988 1131 1101 1214 sciant,
1125 1131 1213 1219 quod
1234 1131 1295 1197 illa
1317 1135 1427 1221 sejam

133 1242 275 1306 Domino
298 1239 371 1304 Deo
394 1235 683 1317 commendaverit,
719 1243 750 1298 et
781 1234 929 1299 illumin
961 1243 1070 1301 mente
1094 1245 1127 1300 ct
1148 1236 1248 1302 corde
1282 1246 1373 1323 gerat
1401 1246 1428 1302 et

132 1344 255 1428 adoret,
278 1366 317 1409 ac
339 1343 475 1409 adorare
507 1364 572 1407 non
596 1339 741 1429 desinet.
786 1339 848 1403 His
871 1337 977 1417 dictis,
1010 1338 1087 1404 dum
1120 1360 1235 1427 rogum
1267 1362 1342 1406 cum
1370 1341 1426 1407 iltis

133 1447 310 1514 incendere
332 1446 522 1529 voluissent,
545 1445 781 1511 admonuerunt
792 1442 933 1527 Olaram,
955 1451 991 1509 ut
1013 1455 1129 1509 sonora
1144 1465 1226 1510 voce
1249 1454 1330 1512 oret.
1345 1445 1427 1511 =Res

133 1552 248 1641 pandit
268 1550 445 1618 Nicotaus:
469 1574 511 1617 ne
534 1548 833 1636 illamimpediant,
856 1549 945 1614 illam
968 1555 1056 1613 certe
1079 1549 1114 1612 in
1135 1557 1246 1614 mente
1268 1570 1373 1634 orare,
1402 1559 1430 1615 et

135 1655 222 1742 quod
245 1655 340 1720 ambo
354 1655 438 1722 bene
462 1655 575 1738 sciant,
599 1653 677 1742 quid
699 1675 797 1741 agere
809 1652 957 1719 debeant
980 1652 1110 1718 Deinde
1126 1653 1297 1720 carnifices
1322 1655 1429 1721 multos

134 1761 237 1827 libros
260 1759 390 1825 Nicolei
421 1758 469 1824 illi
504 1761 738 1846 imposuerunt,
761 1768 796 1823 ut
819 1779 893 1823 cum
916 1757 1030 1825 eodem
1052 1758 1294 1824 comburantur.
1337 1760 1427 1826 Nico·

135 1864 208 1931 laus
230 1887 308 1930 vero
332 1863 528 1930 exclamavit
548 1885 631 1931 voce
653 1884 771 1948 magna
793 1862 926 1928 dicens:
949 1861 1091 1928 Domine
1113 1862 1227 1928 Deus!
1255 1864 1291 1928 in
1323 1870 1428 1931 manus

135 1981 206 2035 tuas
230 1967 420 2035 commendo
443 1968 585 2033 animam
608 1989 735 2052 meam3
759 1989 885 2056 precor,
920 1989 962 2032 ne
996 1987 1048 2032 me
1069 1966 1189 2032 in'hac
1209 1966 1327 2035 ultima
1359 1970 1427 2036 bora

136 2075 278 2157 deseras,
302 2085 335 2139 et
356 2075 402 2138 ite
423 2072 559 2137 ulterius
582 2071 689 2136 oravit
711 2073 781 2136 sine
803 2072 1053 2137 intermissione.
1097 2071 1142 2136 Et
1162 2070 1242 2136 dum
1264 2074 1425 2139 carnifices
1463 2064 1465 2071 ’

136 2202 251 2266 rogum
285 2176 507 2258 incenderent,
542 2185 574 2240 et
602 2184 774 2261 antequam
803 2175 953 2267 flammae
981 2183 1251 2263 propagarentur,
1280 2178 1424 2245 Nicolaus

135 2283 297 2372 psalmum
324 2282 474 2347 recitavit
496 2279 583 2344 clara
604 2302 695 2363 voce,
730 2278 816 2367 quod
839 2269 951 2344 omnes
988 2280 1236 2346 circumstantes
1260 2304 1336 2348 eum
1356 2305 1423 2371 per·

102 2390 107 2413 ¹·
137 2389 246 2474 cipere
268 2387 441 2472 potuerint,
466 2386 566 2450 etita
588 2383 659 2449 sine
682 2385 770 2449 omni
793 2384 933 2463 clamore
957 2393 989 2449 et
1012 2386 1133 2473 ejulatu
1153 2385 1250 2451 ambo
1275 2388 1423 2454 combusti

136 2499 224 2573 sunt,
250 2491 342 2577 quasi
355 2489 629 2556 indormivissent.
658 2488 752 2553 Haec
774 2487 872 2555 Clara
893 2487 1061 2555 habitabat
1071 2490 1210 2576 Pragae,
1231 2492 1316 2558 civis
1337 2493 1425 2559 vidua

138 2598 173 2659 in
196 2595 291 2660 domo
315 2617 373 2659 sua
395 2595 482 2660 dicta
502 2593 626 2659 Zbiroh
647 2595 682 2659 in
704 2586 798 2658 Nova
831 2595 963 2660 civitate
984 2595 1143 2682 Pragensi
1164 2619 1268 2684 prope
1292 2608 1423 2664 sanctam

141 2698 352 2766 Catharinam
374 2720 531 2765 annorum
564 2700 745 2787 sexaginta,
780 2699 867 2786 apud
895 2722 999 2785 ‘quam
1031 2701 1139 2767 incola
1159 2692 1279 2768 senex.
1297 2703 1353 2769 ille
1382 2705 1423 2769 vir

139 2805 293 2870 Nicolaus
315 2803 429 2887 fuerat,
461 2804 516 2891 qui
538 2804 633 2869 ambo
656 2806 845 2893 periverunt
866 2827 924 2892 per
944 2804 1123 2894 parochum
1147 2818 1252 2899 suum,
1282 2817 1423 2896 utsupra

139 2908 261 2974 dictum
283 2909 353 2985 fuit,
376 2909 432 2995 qui
452 2930 507 2973 eos
529 2907 749 2994 Pragensibus
780 2908 939 2991 vendidit,
968 2911 1130 2997 recipiens
1152 2933 1212 2999 pro
1233 2911 1300 2977 illis
1321 2934 1422 2998 argen-

139 3022 228 3080 teum
252 3035 351 3077 unum
374 3012 415 3076 de
438 3011 572 3097 triginta
593 3010 657 3077 illis
680 3013 853 3098 argenteis,
877 3012 994 3100 quibus
1008 3013 1111 3079 Judas
1126 3017 1320 3102 magistrum
1343 3038 1422 3082 suum
1463 3084 1465 3093 ,

138 3117 340 3199 vendiderat,
364 3138 445 3204 quos
468 3115 599 3182 tandem
621 3119 762 3182 restituit
782 3119 957 3205 magistris.
990 3117 1139 3206 Impositi
1161 3143 1239 3186 vero
1264 3131 1297 3186 et
1318 3121 1422 3188 inclusi

139 3224 274 3295 fuerunt¹
290 3225 325 3288 in
349 3244 506 3305 carceres,
529 3214 625 3287 tertia
641 3244 718 3288 vero
741 3221 795 3287 die
816 3216 924 3289 vocati
940 3223 982 3289 ad
1006 3232 1164 3308 senatum,
1187 3225 1310 3292 ibidem
1334 3225 1422 3291 multo

139 3332 213 3420 plus
237 3353 345 3397 coram
369 3331 572 3396 senatoribus
601 3332 701 3396 locuti
723 3330 854 3396 fuerunt
880 3331 921 3396 de
939 3331 1005 3396 fide
1034 3333 1068 3396 in
1089 3333 1277 3419 praesentia
1298 3331 1422 3399 admini-

140 3436 284 3502 stratoris
308 3444 339 3501 et
361 3437 431 3524 ejus
454 3436 648 3520 consistorii,
683 3445 715 3502 et
737 3437 877 3524 apertius
900 3457 939 3500 ac
961 3436 1080 3503 clarius
1103 3457 1202 3523 quam
1224 3447 1333 3525 antea,
1357 3462 1421 3506 con·

140 3541 310 3607 tendentes
334 3562 407 3606 cum
436 3541 502 3606 iilis
537 3550 569 3606 et
597 3541 773 3629 probantes
803 3563 846 3606 ex
875 3539 949 3627 lege
986 3542 1099 3608 divina
1132 3551 1165 3608 et
1197 3545 1360 3633 scriptura
1387 3541 1422 3610 ad

140 3646 387 3712 admirationem
409 3647 562 3729 omnium,
586 3668 649 3711 nec
669 3647 775 3711 minas
798 3648 911 3713 mortis
934 3656 1136 3730 curaverunt,
1167 3649 1337 3740 multaque
1350 3672 1424 3718 con·

138 3762 189 3818 tra
205 3752 269 3842 ‘bos
292 3750 477 3843 sacerdotes
500 3749 724 3839 loquebantur,
748 3761 965 3840 proponentes
980 3762 1013 3818 et
1027 3750 1219 3839 objicientes
1234 3755 1303 3821 iliis
1327 3776 1425 3822 eorum

139 3859 312 3946 nequities,
335 3855 535 3946 hypocrises,
561 3855 732 3941 sodomiae,
767 3867 799 3922 et
821 3858 886 3922 alia
918 3857 1019 3922 multa
1051 3851 1146 3942 mala,
1182 3881 1269 3947 quae
1292 3861 1335 3928 ab
1364 3860 1425 3927 aliis

139 3963 181 4030 de
205 3986 240 4029 se
262 3984 428 4051 nunquam
451 3960 651 4029 audiverunt
684 3962 729 4028 Et
750 3962 827 4028 dum
850 3962 1034 4049 sacerdotes
1056 3964 1115 4029 bos
1137 3966 1273 4032 vincere
1296 3990 1362 4034 non
1380 3987 1425 4054 po·

138 4078 278 4152 tucrum,
302 4066 559 4132 condemnarunt
589 4066 663 4132 illos
686 4067 728 4132 ad
750 4077 886 4133 mortem
917 4067 1002 4154 ignis
1033 4066 1280 4139 admittentibus
1304 4074 1340 4139 id
1358 4073 1424 4139 Pra-

139 4173 315 4260 gensibus;
334 4171 388 4243 ‚illi
420 4195 499 4238 vero
534 4171 619 4238 bono
650 4185 682 4240 et
714 4174 798 4239 laeto
821 4176 929 4238 animo
958 4177 1044 4240 inter
1074 4175 1147 4261 pios
1182 4185 1216 4242 et
1244 4179 1424 4248 christianos

140 4288 253 4344 cantus
275 4287 413 4368 mortem
435 4277 617 4355 adiverunt,
652 4287 750 4367 atque
781 4280 826 4344 ita
848 4299 867 4343 a
889 4279 1091 4367 professione
1121 4302 1200 4349 suae
1222 4283 1314 4370 fidei,
1344 4304 1422 4375 quam

138 4380 270 4470 publice
292 4391 429 4449 mortem
451 4383 608 4448 adeuntes
642 4392 674 4449 et
707 4392 892 4450 constanter
913 4394 1162 4472 perseverantes
1191 4390 1336 4477 professi
1356 4396 1422 4470 sunt,

60 4518 63 4523 ·
138 4472 228 4551 nullo
251 4485 451 4569 aberrarunt,
476 4486 534 4553 sed
555 4487 694 4554 viriliter
717 4498 965 4576 perseverarunt
985 4510 1087 4576 usque
1110 4490 1153 4556 a'd
1175 4491 1287 4563 finem
1306 4466 1330 4545 't
