<?xml version="1.0" encoding="UTF-8"?>
<!DOCTYPE html PUBLIC "-//W3C//DTD XHTML 1.0 Transitional//EN"
    "http://www.w3.org/TR/xhtml1/DTD/xhtml1-transitional.dtd">
<html xmlns="http://www.w3.org/1999/xhtml" xml:lang="en" lang="en">
 <head>
  <title>
</title>
<meta http-equiv="Content-Type" content="text/html;charset=utf-8" />
  <meta name='ocr-system' content='tesseract 3.04.00' />
  <meta name='ocr-capabilities' content='ocr_page ocr_carea ocr_par ocr_line ocrx_word'/>
</head>
<body>
  <div class='ocr_page' id='page_1' title='image "./desbartholomaeu00hfgoog_0141.png"; bbox 0 0 2946 5086; ppageno 0'>
   <div class='ocr_carea' id='block_1_1' title="bbox 155 146 216 214">
    <p class='ocr_par' dir='ltr' id='par_1_1' title="bbox 155 146 216 214">
     <span class='ocr_line' id='line_1_1' title="bbox 155 146 216 214; baseline 0.049 -3"><span class='ocrx_word' id='word_1_1' title='bbox 155 146 216 214; x_wconf 81' lang='lat'><strong>142</strong></span> 
     </span>
    </p>
   </div>
   <div class='ocr_carea' id='block_1_2' title="bbox 142 313 1440 2707">
    <p class='ocr_par' dir='ltr' id='par_1_2' title="bbox 142 313 1440 1556">
     <span class='ocr_line' id='line_1_2' title="bbox 149 313 1438 403; baseline -0.005 -18"><span class='ocrx_word' id='word_1_2' title='bbox 149 342 209 385; x_wconf 91' lang='lat' dir='ltr'><strong>nec</strong></span> <span class='ocrx_word' id='word_1_3' title='bbox 231 319 368 385; x_wconf 87' lang='lat' dir='ltr'><strong>alterum</strong></span> <span class='ocrx_word' id='word_1_4' title='bbox 400 313 568 402; x_wconf 79' lang='lat' dir='ltr'><strong>adimples,</strong></span> <span class='ocrx_word' id='word_1_5' title='bbox 603 336 665 380; x_wconf 89' lang='lat' dir='ltr'><strong>nec</strong></span> <span class='ocrx_word' id='word_1_6' title='bbox 702 336 823 398; x_wconf 85' lang='lat' dir='ltr'><strong>servas,</strong></span> <span class='ocrx_word' id='word_1_7' title='bbox 856 317 1016 403; x_wconf 89' lang='lat' dir='ltr'><strong>teipsum</strong></span> <span class='ocrx_word' id='word_1_8' title='bbox 1048 314 1091 381; x_wconf 91' lang='lat' dir='ltr'><strong>de</strong></span> <span class='ocrx_word' id='word_1_9' title='bbox 1111 316 1284 383; x_wconf 86' lang='lat' dir='ltr'><strong>mendacio</strong></span> <span class='ocrx_word' id='word_1_10' title='bbox 1320 314 1438 403; x_wconf 78' lang='lat' dir='ltr'><strong>arguis.</strong></span> 
     </span>
     <span class='ocr_line' id='line_1_3' title="bbox 150 408 1439 508; baseline -0.004 -18"><span class='ocrx_word' id='word_1_11' title='bbox 150 424 332 490; x_wconf 81' lang='lat' dir='ltr'><strong>Conciones</strong></span> <span class='ocrx_word' id='word_1_12' title='bbox 353 419 464 487; x_wconf 82' lang='lat' dir='ltr'><strong>dixisti</strong></span> <span class='ocrx_word' id='word_1_13' title='bbox 481 413 705 502; x_wconf 78' lang='lat' dir='ltr'><strong>tumultudsas,</strong></span> <span class='ocrx_word' id='word_1_14' title='bbox 724 419 895 506; x_wconf 88' lang='lat' dir='ltr'><strong>inquietas,</strong></span> <span class='ocrx_word' id='word_1_15' title='bbox 916 419 1111 508; x_wconf 79' lang='lat' dir='ltr'><strong>proditorias</strong></span> <span class='ocrx_word' id='word_1_16' title='bbox 1135 428 1247 486; x_wconf 85' lang='lat' dir='ltr'><strong>contra</strong></span> <span class='ocrx_word' id='word_1_17' title='bbox 1269 408 1439 487; x_wconf 87' lang='lat' dir='ltr'><strong>veritatem</strong></span> 
     </span>
     <span class='ocr_line' id='line_1_4' title="bbox 148 522 1437 615; baseline -0.003 -24"><span class='ocrx_word' id='word_1_18' title='bbox 148 526 242 615; x_wconf 82' lang='lat' dir='ltr'><strong>legis,</strong></span> <span class='ocrx_word' id='word_1_19' title='bbox 264 525 435 613; x_wconf 88' lang='lat' dir='ltr'><strong>lectionem</strong></span> <span class='ocrx_word' id='word_1_20' title='bbox 458 546 582 590; x_wconf 90' lang='lat' dir='ltr'><strong>sacram</strong></span> <span class='ocrx_word' id='word_1_21' title='bbox 605 522 727 590; x_wconf 79' lang='lat' dir='ltr'><strong>Christi</strong></span> <span class='ocrx_word' id='word_1_22' title='bbox 760 525 905 609; x_wconf 83' lang='lat' dir='ltr'><strong>Domini,</strong></span> <span class='ocrx_word' id='word_1_23' title='bbox 939 524 1087 590; x_wconf 91' lang='lat' dir='ltr'><strong>homines</strong></span> <span class='ocrx_word' id='word_1_24' title='bbox 1108 523 1222 591; x_wconf 87' lang='lat' dir='ltr'><strong>fideles</strong></span> <span class='ocrx_word' id='word_1_25' title='bbox 1267 536 1301 605; x_wconf 83' lang='lat' dir='ltr'><strong>et</strong></span> <span class='ocrx_word' id='word_1_26' title='bbox 1327 544 1437 591; x_wconf 85' lang='lat' dir='ltr'><strong>servos</strong></span> 
     </span>
     <span class='ocr_line' id='line_1_5' title="bbox 147 626 1440 718; baseline -0.006 -19"><span class='ocrx_word' id='word_1_27' title='bbox 147 631 222 716; x_wconf 90' lang='lat' dir='ltr'><strong>Dei,</strong></span> <span class='ocrx_word' id='word_1_28' title='bbox 244 631 331 701; x_wconf 72' lang='lat' dir='ltr'><strong>haec,</strong></span> <span class='ocrx_word' id='word_1_29' title='bbox 348 654 421 697; x_wconf 90' lang='lat' dir='ltr'><strong>oum</strong></span> <span class='ocrx_word' id='word_1_30' title='bbox 442 630 515 695; x_wconf 89' lang='lat' dir='ltr'><strong>aliis</strong></span> <span class='ocrx_word' id='word_1_31' title='bbox 538 629 643 716; x_wconf 80' lang='lat' dir='ltr'><strong>egisti,</strong></span> <span class='ocrx_word' id='word_1_32' title='bbox 666 651 727 716; x_wconf 92' lang='lat' dir='ltr'><strong>per</strong></span> <span class='ocrx_word' id='word_1_33' title='bbox 760 629 933 717; x_wconf 77' lang='lat' dir='ltr'><strong>parochias</strong></span> <span class='ocrx_word' id='word_1_34' title='bbox 962 628 1117 718; x_wconf 91' lang='lat' dir='ltr'><strong>populum</strong></span> <span class='ocrx_word' id='word_1_35' title='bbox 1151 637 1266 696; x_wconf 88' lang='lat' dir='ltr'><strong>contra</strong></span> <span class='ocrx_word' id='word_1_36' title='bbox 1286 626 1440 718; x_wconf 89' lang='lat' dir='ltr'><strong>populum</strong></span> 
     </span>
     <span class='ocr_line' id='line_1_6' title="bbox 149 732 1437 819; baseline -0.006 -17"><span class='ocrx_word' id='word_1_37' title='bbox 149 737 325 819; x_wconf 85' lang='lat' dir='ltr'><strong>concitans,</strong></span> <span class='ocrx_word' id='word_1_38' title='bbox 349 735 570 801; x_wconf 83' lang='lat' dir='ltr'><strong>dissensiones</strong></span> <span class='ocrx_word' id='word_1_39' title='bbox 608 741 640 799; x_wconf 92' lang='lat' dir='ltr'><strong>et</strong></span> <span class='ocrx_word' id='word_1_40' title='bbox 670 732 809 811; x_wconf 44' lang='lat' dir='ltr'><strong>dissidia,</strong></span> <span class='ocrx_word' id='word_1_41' title='bbox 842 733 1015 817; x_wconf 86' lang='lat' dir='ltr'><strong>seminans,</strong></span> <span class='ocrx_word' id='word_1_42' title='bbox 1051 733 1257 801; x_wconf 87' lang='lat' dir='ltr'><strong>contumeliis</strong></span> <span class='ocrx_word' id='word_1_43' title='bbox 1279 732 1437 810; x_wconf 83' lang='lat' dir='ltr'><strong>afficiens,</strong></span> 
     </span>
     <span class='ocr_line' id='line_1_7' title="bbox 147 836 1439 939; baseline -0.006 -31"><span class='ocrx_word' id='word_1_44' title='bbox 147 841 330 908; x_wconf 87' lang='lat' dir='ltr'><strong>haereticos</strong></span> <span class='ocrx_word' id='word_1_45' title='bbox 362 849 394 906; x_wconf 89' lang='lat' dir='ltr'><strong>et</strong></span> <span class='ocrx_word' id='word_1_46' title='bbox 414 838 608 905; x_wconf 83' lang='lat' dir='ltr'><strong>Pickbartas</strong></span> <span class='ocrx_word' id='word_1_47' title='bbox 632 836 816 905; x_wconf 87' lang='lat' dir='ltr'><strong>sacerdotes</strong></span> <span class='ocrx_word' id='word_1_48' title='bbox 837 837 951 905; x_wconf 88' lang='lat' dir='ltr'><strong>fideles</strong></span> <span class='ocrx_word' id='word_1_49' title='bbox 986 847 1019 904; x_wconf 89' lang='lat' dir='ltr'><strong>ot</strong></span> <span class='ocrx_word' id='word_1_50' title='bbox 1052 839 1200 904; x_wconf 89' lang='lat' dir='ltr'><strong>homines</strong></span> <span class='ocrx_word' id='word_1_51' title='bbox 1234 839 1309 939; x_wconf 77' lang='lat' dir='ltr'><strong>pios</strong></span> <span class='ocrx_word' id='word_1_52' title='bbox 1332 857 1439 904; x_wconf 88' lang='lat' dir='ltr'><strong>eorum</strong></span> 
     </span>
     <span class='ocr_line' id='line_1_8' title="bbox 142 942 1437 1034; baseline -0.002 -22"><span class='ocrx_word' id='word_1_53' title='bbox 142 945 303 1032; x_wconf 85' lang='lat' dir='ltr'><strong>dogmata</strong></span> <span class='ocrx_word' id='word_1_54' title='bbox 324 951 505 1034; x_wconf 86' lang='lat' dir='ltr'><strong>sequentes,</strong></span> <span class='ocrx_word' id='word_1_55' title='bbox 530 942 730 1031; x_wconf 91' lang='lat' dir='ltr'><strong>compellasti</strong></span> <span class='ocrx_word' id='word_1_56' title='bbox 763 945 797 1011; x_wconf 94' lang='lat' dir='ltr'><strong>in</strong></span> <span class='ocrx_word' id='word_1_57' title='bbox 832 942 1044 1023; x_wconf 81' lang='lat' dir='ltr'><strong>concionibus</strong></span> <span class='ocrx_word' id='word_1_58' title='bbox 1065 945 1148 1028; x_wconf 81' lang='lat' dir='ltr'><strong>tuis3</strong></span> <span class='ocrx_word' id='word_1_59' title='bbox 1184 942 1328 1031; x_wconf 88' lang='lat' dir='ltr'><strong>ideoque</strong></span> <span class='ocrx_word' id='word_1_60' title='bbox 1361 966 1437 1009; x_wconf 91' lang='lat' dir='ltr'><strong>nun·</strong></span> 
     </span>
     <span class='ocr_line' id='line_1_9' title="bbox 151 1041 1438 1139; baseline -0.003 -23"><span class='ocrx_word' id='word_1_61' title='bbox 151 1072 247 1139; x_wconf 91' lang='lat' dir='ltr'><strong>quam</strong></span> <span class='ocrx_word' id='word_1_62' title='bbox 270 1073 343 1116; x_wconf 89' lang='lat' dir='ltr'><strong>cum</strong></span> <span class='ocrx_word' id='word_1_63' title='bbox 367 1047 507 1137; x_wconf 89' lang='lat' dir='ltr'><strong>quodam</strong></span> <span class='ocrx_word' id='word_1_64' title='bbox 529 1047 570 1114; x_wconf 93' lang='lat' dir='ltr'><strong>de</strong></span> <span class='ocrx_word' id='word_1_65' title='bbox 593 1047 815 1114; x_wconf 89' lang='lat' dir='ltr'><strong>sacerdotibus</strong></span> <span class='ocrx_word' id='word_1_66' title='bbox 838 1048 888 1113; x_wconf 88' lang='lat' dir='ltr'><strong>his</strong></span> <span class='ocrx_word' id='word_1_67' title='bbox 911 1047 952 1114; x_wconf 97' lang='lat' dir='ltr'><strong>ob</strong></span> <span class='ocrx_word' id='word_1_68' title='bbox 975 1041 1081 1135; x_wconf 87' lang='lat' dir='ltr'><strong>legem</strong></span> <span class='ocrx_word' id='word_1_69' title='bbox 1112 1046 1178 1113; x_wconf 91' lang='lat' dir='ltr'><strong>Dei</strong></span> <span class='ocrx_word' id='word_1_70' title='bbox 1198 1048 1235 1113; x_wconf 88' lang='lat' dir='ltr'><strong>in</strong></span> <span class='ocrx_word' id='word_1_71' title='bbox 1256 1049 1438 1136; x_wconf 87' lang='lat' dir='ltr'><strong>praesentia</strong></span> 
     </span>
     <span class='ocr_line' id='line_1_10' title="bbox 150 1151 1434 1249; baseline -0.001 -30"><span class='ocrx_word' id='word_1_72' title='bbox 150 1153 280 1221; x_wconf 90' lang='lat' dir='ltr'><strong>illorum</strong></span> <span class='ocrx_word' id='word_1_73' title='bbox 304 1164 431 1220; x_wconf 89' lang='lat' dir='ltr'><strong>tecum</strong></span> <span class='ocrx_word' id='word_1_74' title='bbox 454 1152 648 1241; x_wconf 85' lang='lat' dir='ltr'><strong>sequacibus</strong></span> <span class='ocrx_word' id='word_1_75' title='bbox 671 1153 734 1218; x_wconf 91' lang='lat' dir='ltr'><strong>tuis</strong></span> <span class='ocrx_word' id='word_1_76' title='bbox 755 1154 790 1219; x_wconf 92' lang='lat' dir='ltr'><strong>in</strong></span> <span class='ocrx_word' id='word_1_77' title='bbox 816 1151 942 1240; x_wconf 89' lang='lat' dir='ltr'><strong>judicio</strong></span> <span class='ocrx_word' id='word_1_78' title='bbox 966 1153 1080 1218; x_wconf 82' lang='lat' dir='ltr'><strong>sistere</strong></span> <span class='ocrx_word' id='word_1_79' title='bbox 1102 1151 1271 1249; x_wconf 66' lang='lat' dir='ltr'><strong>voluistis„</strong></span> <span class='ocrx_word' id='word_1_80' title='bbox 1309 1152 1368 1218; x_wconf 91' lang='lat' dir='ltr'><strong>sed</strong></span> <span class='ocrx_word' id='word_1_81' title='bbox 1390 1174 1434 1218; x_wconf 91' lang='lat' dir='ltr'><strong>so·</strong></span> 
     </span>
     <span class='ocr_line' id='line_1_11' title="bbox 152 1255 1436 1345; baseline -0.001 -22"><span class='ocrx_word' id='word_1_82' title='bbox 152 1257 219 1323; x_wconf 89' lang='lat' dir='ltr'><strong>lum</strong></span> <span class='ocrx_word' id='word_1_83' title='bbox 240 1259 275 1324; x_wconf 90' lang='lat' dir='ltr'><strong>in</strong></span> <span class='ocrx_word' id='word_1_84' title='bbox 298 1257 508 1325; x_wconf 85' lang='lat' dir='ltr'><strong>concionibus</strong></span> <span class='ocrx_word' id='word_1_85' title='bbox 530 1258 648 1324; x_wconf 86' lang='lat' dir='ltr'><strong>vestris</strong></span> <span class='ocrx_word' id='word_1_86' title='bbox 670 1255 824 1345; x_wconf 90' lang='lat' dir='ltr'><strong>populum</strong></span> <span class='ocrx_word' id='word_1_87' title='bbox 841 1265 957 1322; x_wconf 90' lang='lat' dir='ltr'><strong>contra</strong></span> <span class='ocrx_word' id='word_1_88' title='bbox 978 1255 1052 1321; x_wconf 87' lang='lat' dir='ltr'><strong>illos</strong></span> <span class='ocrx_word' id='word_1_89' title='bbox 1066 1258 1271 1342; x_wconf 87' lang='lat' dir='ltr'><strong>concitastis;</strong></span> <span class='ocrx_word' id='word_1_90' title='bbox 1295 1256 1345 1322; x_wconf 89' lang='lat' dir='ltr'><strong>illi</strong></span> <span class='ocrx_word' id='word_1_91' title='bbox 1366 1278 1436 1323; x_wconf 83' lang='lat' dir='ltr'><strong>vero</strong></span> 
     </span>
     <span class='ocr_line' id='line_1_12' title="bbox 149 1361 1436 1450; baseline -0.002 -20"><span class='ocrx_word' id='word_1_92' title='bbox 149 1364 297 1432; x_wconf 87' lang='lat' dir='ltr'><strong>nolentes</strong></span> <span class='ocrx_word' id='word_1_93' title='bbox 326 1363 420 1430; x_wconf 84' lang='lat' dir='ltr'><strong>vobis</strong></span> <span class='ocrx_word' id='word_1_94' title='bbox 453 1385 525 1428; x_wconf 90' lang='lat' dir='ltr'><strong>esse</strong></span> <span class='ocrx_word' id='word_1_95' title='bbox 558 1384 675 1428; x_wconf 88' lang='lat' dir='ltr'><strong>causae</strong></span> <span class='ocrx_word' id='word_1_96' title='bbox 704 1361 945 1427; x_wconf 86' lang='lat' dir='ltr'><strong>contentionum</strong></span> <span class='ocrx_word' id='word_1_97' title='bbox 980 1370 1012 1426; x_wconf 94' lang='lat' dir='ltr'><strong>et</strong></span> <span class='ocrx_word' id='word_1_98' title='bbox 1051 1361 1305 1448; x_wconf 88' lang='lat' dir='ltr'><strong>dissensionum,</strong></span> <span class='ocrx_word' id='word_1_99' title='bbox 1330 1371 1436 1450; x_wconf 89' lang='lat' dir='ltr'><strong>sponte</strong></span> 
     </span>
     <span class='ocr_line' id='line_1_13' title="bbox 152 1451 1262 1556; baseline -0.003 -20"><span class='ocrx_word' id='word_1_100' title='bbox 152 1471 258 1556; x_wconf 88' lang='lat' dir='ltr'><strong>Praga</strong></span> <span class='ocrx_word' id='word_1_101' title='bbox 281 1470 461 1552; x_wconf 85' lang='lat' dir='ltr'><strong>exiverunt,</strong></span> <span class='ocrx_word' id='word_1_102' title='bbox 483 1476 519 1532; x_wconf 91' lang='lat' dir='ltr'><strong>ut</strong></span> <span class='ocrx_word' id='word_1_103' title='bbox 540 1489 599 1533; x_wconf 89' lang='lat' dir='ltr'><strong>vos</strong></span> <span class='ocrx_word' id='word_1_104' title='bbox 622 1488 695 1532; x_wconf 90' lang='lat' dir='ltr'><strong>cum</strong></span> <span class='ocrx_word' id='word_1_105' title='bbox 716 1466 837 1556; x_wconf 90' lang='lat' dir='ltr'><strong>populo</strong></span> <span class='ocrx_word' id='word_1_106' title='bbox 860 1468 988 1553; x_wconf 88' lang='lat' dir='ltr'><strong>quietos</strong></span> <span class='ocrx_word' id='word_1_107' title='bbox 1018 1466 1165 1545; x_wconf 70' lang='lat' dir='ltr'><strong>reddant,</strong></span> <span class='ocrx_word' id='word_1_108' title='bbox 1197 1472 1200 1477; x_wconf 79' lang='grc'><strong>’</strong></span> <span class='ocrx_word' id='word_1_109' title='bbox 1244 1451 1262 1547; x_wconf 56' lang='grc'><strong>,’</strong></span> 
     </span>
    </p>

    <p class='ocr_par' dir='ltr' id='par_1_3' title="bbox 152 1570 1435 2707">
     <span class='ocr_line' id='line_1_14' title="bbox 235 1570 1431 1660; baseline -0.003 -20"><span class='ocrx_word' id='word_1_110' title='bbox 235 1575 313 1640; x_wconf 84' lang='lat' dir='ltr'><strong>Post</strong></span> <span class='ocrx_word' id='word_1_111' title='bbox 335 1572 462 1637; x_wconf 89' lang='lat' dir='ltr'><strong>illorum</strong></span> <span class='ocrx_word' id='word_1_112' title='bbox 484 1594 562 1638; x_wconf 91' lang='lat' dir='ltr'><strong>vero</strong></span> <span class='ocrx_word' id='word_1_113' title='bbox 586 1570 696 1658; x_wconf 88' lang='lat' dir='ltr'><strong>Praga</strong></span> <span class='ocrx_word' id='word_1_114' title='bbox 718 1573 841 1637; x_wconf 86' lang='lat' dir='ltr'><strong>exitum</strong></span> <span class='ocrx_word' id='word_1_115' title='bbox 864 1571 942 1660; x_wconf 91' lang='lat' dir='ltr'><strong>quid</strong></span> <span class='ocrx_word' id='word_1_116' title='bbox 963 1573 1148 1654; x_wconf 25' lang='lat' dir='ltr'><strong>,effeceritis</strong></span> <span class='ocrx_word' id='word_1_117' title='bbox 1172 1580 1204 1638; x_wconf 90' lang='lat' dir='ltr'><strong>et</strong></span> <span class='ocrx_word' id='word_1_118' title='bbox 1226 1573 1431 1640; x_wconf 88' lang='lat' dir='ltr'><strong>causaveritis</strong></span> 
     </span>
     <span class='ocr_line' id='line_1_15' title="bbox 152 1676 1433 1766; baseline -0.001 -22"><span class='ocrx_word' id='word_1_119' title='bbox 152 1680 187 1744; x_wconf 93' lang='lat' dir='ltr'><strong>in</strong></span> <span class='ocrx_word' id='word_1_120' title='bbox 208 1678 438 1757; x_wconf 80' lang='lat' dir='ltr'><strong>communitate</strong></span> <span class='ocrx_word' id='word_1_121' title='bbox 471 1676 548 1741; x_wconf 91' lang='lat' dir='ltr'><strong>mali</strong></span> <span class='ocrx_word' id='word_1_122' title='bbox 590 1686 621 1742; x_wconf 88' lang='lat' dir='ltr'><strong>et</strong></span> <span class='ocrx_word' id='word_1_123' title='bbox 640 1676 781 1760; x_wconf 87' lang='lat' dir='ltr'><strong>adversi,</strong></span> <span class='ocrx_word' id='word_1_124' title='bbox 811 1677 873 1743; x_wconf 92' lang='lat' dir='ltr'><strong>hoc</strong></span> <span class='ocrx_word' id='word_1_125' title='bbox 907 1676 1058 1742; x_wconf 91' lang='lat' dir='ltr'><strong>omnibus</strong></span> <span class='ocrx_word' id='word_1_126' title='bbox 1081 1683 1192 1742; x_wconf 86' lang='lat' dir='ltr'><strong>notum</strong></span> <span class='ocrx_word' id='word_1_127' title='bbox 1227 1685 1288 1762; x_wconf 87' lang='lat' dir='ltr'><strong>est,</strong></span> <span class='ocrx_word' id='word_1_128' title='bbox 1325 1699 1433 1766; x_wconf 90' lang='lat' dir='ltr'><strong>nempe</strong></span> 
     </span>
     <span class='ocr_line' id='line_1_16' title="bbox 152 1776 1432 1873; baseline -0.001 -24"><span class='ocrx_word' id='word_1_129' title='bbox 152 1781 409 1873; x_wconf 81' lang='lat' dir='ltr'><strong>inquietudines,</strong></span> <span class='ocrx_word' id='word_1_130' title='bbox 428 1782 620 1846; x_wconf 89' lang='lat' dir='ltr'><strong>tentationes</strong></span> <span class='ocrx_word' id='word_1_131' title='bbox 633 1780 802 1866; x_wconf 88' lang='lat' dir='ltr'><strong>violentas,</strong></span> <span class='ocrx_word' id='word_1_132' title='bbox 826 1781 1018 1847; x_wconf 86' lang='lat' dir='ltr'><strong>afflictiones</strong></span> <span class='ocrx_word' id='word_1_133' title='bbox 1040 1776 1238 1870; x_wconf 83' lang='lat' dir='ltr'><strong>tyrannicas,</strong></span> <span class='ocrx_word' id='word_1_134' title='bbox 1261 1783 1432 1848; x_wconf 89' lang='lat' dir='ltr'><strong>incarcera-</strong></span> 
     </span>
     <span class='ocr_line' id='line_1_17' title="bbox 152 1883 1434 1976; baseline -0.001 -23"><span class='ocrx_word' id='word_1_135' title='bbox 152 1889 266 1969; x_wconf 84' lang='lat' dir='ltr'><strong>tiones,</strong></span> <span class='ocrx_word' id='word_1_136' title='bbox 288 1883 532 1971; x_wconf 87' lang='lat' dir='ltr'><strong>flagellationes,</strong></span> <span class='ocrx_word' id='word_1_137' title='bbox 555 1887 761 1951; x_wconf 89' lang='lat' dir='ltr'><strong>inconsuetas</strong></span> <span class='ocrx_word' id='word_1_138' title='bbox 795 1887 981 1974; x_wconf 86' lang='lat' dir='ltr'><strong>stigmatum</strong></span> <span class='ocrx_word' id='word_1_139' title='bbox 1003 1888 1245 1976; x_wconf 89' lang='lat' dir='ltr'><strong>impressiones,</strong></span> <span class='ocrx_word' id='word_1_140' title='bbox 1277 1886 1434 1953; x_wconf 88' lang='lat' dir='ltr'><strong>hominum</strong></span> 
     </span>
     <span class='ocr_line' id='line_1_18' title="bbox 157 1988 1433 2079; baseline -0.002 -22"><span class='ocrx_word' id='word_1_141' title='bbox 157 1988 339 2057; x_wconf 89' lang='lat' dir='ltr'><strong>etribubus</strong></span> <span class='ocrx_word' id='word_1_142' title='bbox 362 1988 575 2073; x_wconf 86' lang='lat' dir='ltr'><strong>exclusiones,</strong></span> <span class='ocrx_word' id='word_1_143' title='bbox 598 2013 681 2078; x_wconf 88' lang='lat' dir='ltr'><strong>quae</strong></span> <span class='ocrx_word' id='word_1_144' title='bbox 694 2011 756 2056; x_wconf 92' lang='lat' dir='ltr'><strong>nec</strong></span> <span class='ocrx_word' id='word_1_145' title='bbox 771 1991 856 2079; x_wconf 92' lang='lat' dir='ltr'><strong>apud</strong></span> <span class='ocrx_word' id='word_1_146' title='bbox 879 1990 1027 2079; x_wconf 86' lang='lat' dir='ltr'><strong>gentiles,</strong></span> <span class='ocrx_word' id='word_1_147' title='bbox 1049 1991 1245 2058; x_wconf 84' lang='lat' dir='ltr'><strong>necTurcas</strong></span> <span class='ocrx_word' id='word_1_148' title='bbox 1267 1990 1340 2057; x_wconf 87' lang='lat' dir='ltr'><strong>fieri</strong></span> <span class='ocrx_word' id='word_1_149' title='bbox 1362 1989 1433 2056; x_wconf 90' lang='lat' dir='ltr'><strong>sole·</strong></span> 
     </span>
     <span class='ocr_line' id='line_1_19' title="bbox 154 2080 1433 2182; baseline -0.003 -21"><span class='ocrx_word' id='word_1_150' title='bbox 154 2080 240 2162; x_wconf 91' lang='lat' dir='ltr'><strong>bant.</strong></span> <span class='ocrx_word' id='word_1_151' title='bbox 263 2094 307 2160; x_wconf 78' lang='lat' dir='ltr'><strong>Et</strong></span> <span class='ocrx_word' id='word_1_152' title='bbox 339 2093 421 2159; x_wconf 89' lang='lat' dir='ltr'><strong>haec</strong></span> <span class='ocrx_word' id='word_1_153' title='bbox 455 2096 563 2160; x_wconf 89' lang='lat' dir='ltr'><strong>omnia</strong></span> <span class='ocrx_word' id='word_1_154' title='bbox 598 2096 718 2182; x_wconf 89' lang='lat' dir='ltr'><strong>injuste</strong></span> <span class='ocrx_word' id='word_1_155' title='bbox 749 2095 836 2160; x_wconf 85' lang='lat' dir='ltr'><strong>facta</strong></span> <span class='ocrx_word' id='word_1_156' title='bbox 869 2107 942 2162; x_wconf 89' lang='lat' dir='ltr'><strong>sunt</strong></span> <span class='ocrx_word' id='word_1_157' title='bbox 963 2094 1114 2162; x_wconf 89' lang='lat' dir='ltr'><strong>fidelibus</strong></span> <span class='ocrx_word' id='word_1_158' title='bbox 1149 2104 1182 2161; x_wconf 90' lang='lat' dir='ltr'><strong>et</strong></span> <span class='ocrx_word' id='word_1_159' title='bbox 1211 2094 1433 2161; x_wconf 87' lang='lat' dir='ltr'><strong>innocentibus</strong></span> 
     </span>
     <span class='ocr_line' id='line_1_20' title="bbox 153 2197 1435 2288; baseline 0.001 -25"><span class='ocrx_word' id='word_1_160' title='bbox 153 2197 280 2282; x_wconf 91' lang='lat' dir='ltr'><strong>incolis,</strong></span> <span class='ocrx_word' id='word_1_161' title='bbox 304 2208 336 2264; x_wconf 93' lang='lat' dir='ltr'><strong>et</strong></span> <span class='ocrx_word' id='word_1_162' title='bbox 356 2198 523 2287; x_wconf 88' lang='lat' dir='ltr'><strong>hucusque</strong></span> <span class='ocrx_word' id='word_1_163' title='bbox 545 2199 615 2264; x_wconf 89' lang='lat' dir='ltr'><strong>fieri</strong></span> <span class='ocrx_word' id='word_1_164' title='bbox 638 2221 704 2264; x_wconf 92' lang='lat' dir='ltr'><strong>non</strong></span> <span class='ocrx_word' id='word_1_165' title='bbox 725 2199 887 2284; x_wconf 89' lang='lat' dir='ltr'><strong>desinunt,</strong></span> <span class='ocrx_word' id='word_1_166' title='bbox 910 2209 1057 2288; x_wconf 81' lang='lat' dir='ltr'><strong>temper</strong></span> <span class='ocrx_word' id='word_1_167' title='bbox 1082 2210 1115 2266; x_wconf 92' lang='lat' dir='ltr'><strong>te</strong></span> <span class='ocrx_word' id='word_1_168' title='bbox 1128 2201 1284 2287; x_wconf 86' lang='lat' dir='ltr'><strong>magister</strong></span> <span class='ocrx_word' id='word_1_169' title='bbox 1306 2199 1435 2286; x_wconf 86' lang='lat' dir='ltr'><strong>flagitio·</strong></span> 
     </span>
     <span class='ocr_line' id='line_1_21' title="bbox 157 2303 1435 2393; baseline 0 -24"><span class='ocrx_word' id='word_1_170' title='bbox 157 2327 228 2369; x_wconf 88' lang='lat' dir='ltr'><strong>rum</strong></span> <span class='ocrx_word' id='word_1_171' title='bbox 251 2304 346 2372; x_wconf 82' lang='lat' dir='ltr'><strong>Galle</strong></span> <span class='ocrx_word' id='word_1_172' title='bbox 357 2355 366 2389; x_wconf 87' lang='lat'><strong>,</strong></span> <span class='ocrx_word' id='word_1_173' title='bbox 412 2327 508 2393; x_wconf 90' lang='lat' dir='ltr'><strong>quam</strong></span> <span class='ocrx_word' id='word_1_174' title='bbox 544 2328 604 2393; x_wconf 88' lang='lat' dir='ltr'><strong>per</strong></span> <span class='ocrx_word' id='word_1_175' title='bbox 626 2313 697 2370; x_wconf 92' lang='lat' dir='ltr'><strong>tuos</strong></span> <span class='ocrx_word' id='word_1_176' title='bbox 720 2305 877 2393; x_wconf 91' lang='lat' dir='ltr'><strong>quosdam</strong></span> <span class='ocrx_word' id='word_1_177' title='bbox 899 2306 940 2371; x_wconf 93' lang='lat' dir='ltr'><strong>de</strong></span> <span class='ocrx_word' id='word_1_178' title='bbox 963 2306 1050 2372; x_wconf 88' lang='lat' dir='ltr'><strong>clero</strong></span> <span class='ocrx_word' id='word_1_179' title='bbox 1093 2315 1138 2393; x_wconf 44' lang='lat' dir='ltr'><strong>etw</strong></span> <span class='ocrx_word' id='word_1_180' title='bbox 1153 2304 1234 2370; x_wconf 89' lang='lat' dir='ltr'><strong>alios</strong></span> <span class='ocrx_word' id='word_1_181' title='bbox 1256 2305 1366 2371; x_wconf 86' lang='lat' dir='ltr'><strong>furore</strong></span> <span class='ocrx_word' id='word_1_182' title='bbox 1388 2303 1435 2369; x_wconf 92' lang='lat' dir='ltr'><strong>ob·</strong></span> 
     </span>
     <span class='ocr_line' id='line_1_22' title="bbox 160 2404 1433 2498; baseline 0 -24"><span class='ocrx_word' id='word_1_183' title='bbox 160 2417 308 2477; x_wconf 88' lang='lat' dir='ltr'><strong>coecatos</strong></span> <span class='ocrx_word' id='word_1_184' title='bbox 331 2418 479 2498; x_wconf 89' lang='lat' dir='ltr'><strong>potentes</strong></span> <span class='ocrx_word' id='word_1_185' title='bbox 502 2408 543 2475; x_wconf 88' lang='lat' dir='ltr'><strong>de</strong></span> <span class='ocrx_word' id='word_1_186' title='bbox 566 2409 691 2474; x_wconf 87' lang='lat' dir='ltr'><strong>officiis</strong></span> <span class='ocrx_word' id='word_1_187' title='bbox 715 2404 880 2476; x_wconf 88' lang='lat' dir='ltr'><strong>Multoties</strong></span> <span class='ocrx_word' id='word_1_188' title='bbox 909 2412 996 2476; x_wconf 90' lang='lat' dir='ltr'><strong>enim</strong></span> <span class='ocrx_word' id='word_1_189' title='bbox 1018 2419 1092 2497; x_wconf 87' lang='lat' dir='ltr'><strong>post</strong></span> <span class='ocrx_word' id='word_1_190' title='bbox 1113 2410 1199 2476; x_wconf 91' lang='lat' dir='ltr'><strong>hanc</strong></span> <span class='ocrx_word' id='word_1_191' title='bbox 1220 2409 1340 2476; x_wconf 85' lang='lat' dir='ltr'><strong>furoris</strong></span> <span class='ocrx_word' id='word_1_192' title='bbox 1362 2417 1433 2475; x_wconf 91' lang='lat' dir='ltr'><strong>tem-</strong></span> 
     </span>
     <span class='ocr_line' id='line_1_23' title="bbox 160 2512 1434 2603; baseline 0 -24"><span class='ocrx_word' id='word_1_193' title='bbox 160 2522 318 2603; x_wconf 88' lang='lat' dir='ltr'><strong>pestatem</strong></span> <span class='ocrx_word' id='word_1_194' title='bbox 348 2537 421 2580; x_wconf 90' lang='lat' dir='ltr'><strong>cum</strong></span> <span class='ocrx_word' id='word_1_195' title='bbox 444 2513 636 2602; x_wconf 87' lang='lat' dir='ltr'><strong>quibusdam</strong></span> <span class='ocrx_word' id='word_1_196' title='bbox 659 2515 787 2581; x_wconf 88' lang='lat' dir='ltr'><strong>clericis</strong></span> <span class='ocrx_word' id='word_1_197' title='bbox 809 2515 873 2601; x_wconf 83' lang='lat' dir='ltr'><strong>tuis</strong></span> <span class='ocrx_word' id='word_1_198' title='bbox 896 2521 1009 2581; x_wconf 90' lang='lat' dir='ltr'><strong>contra</strong></span> <span class='ocrx_word' id='word_1_199' title='bbox 1029 2513 1154 2598; x_wconf 88' lang='lat' dir='ltr'><strong>fideles,</strong></span> <span class='ocrx_word' id='word_1_200' title='bbox 1176 2512 1280 2580; x_wconf 90' lang='lat' dir='ltr'><strong>bonos</strong></span> <span class='ocrx_word' id='word_1_201' title='bbox 1296 2523 1329 2580; x_wconf 93' lang='lat' dir='ltr'><strong>et</strong></span> <span class='ocrx_word' id='word_1_202' title='bbox 1350 2515 1434 2580; x_wconf 90' lang='lat' dir='ltr'><strong>inno·</strong></span> 
     </span>
     <span class='ocr_line' id='line_1_24' title="bbox 155 2617 1434 2707; baseline -0.002 -21"><span class='ocrx_word' id='word_1_203' title='bbox 155 2628 266 2686; x_wconf 90' lang='lat' dir='ltr'><strong>centes</strong></span> <span class='ocrx_word' id='word_1_204' title='bbox 305 2617 452 2684; x_wconf 89' lang='lat' dir='ltr'><strong>homines</strong></span> <span class='ocrx_word' id='word_1_205' title='bbox 485 2618 681 2707; x_wconf 88' lang='lat' dir='ltr'><strong>praedicasti</strong></span> <span class='ocrx_word' id='word_1_206' title='bbox 703 2621 830 2706; x_wconf 81' lang='lat' dir='ltr'><strong>injuste,</strong></span> <span class='ocrx_word' id='word_1_207' title='bbox 872 2618 954 2684; x_wconf 88' lang='lat' dir='ltr'><strong>false</strong></span> <span class='ocrx_word' id='word_1_208' title='bbox 977 2626 1009 2684; x_wconf 89' lang='lat' dir='ltr'><strong>et</strong></span> <span class='ocrx_word' id='word_1_209' title='bbox 1027 2617 1249 2685; x_wconf 83' lang='lat' dir='ltr'><strong>fraudulenter</strong></span> <span class='ocrx_word' id='word_1_210' title='bbox 1282 2639 1434 2695; x_wconf 87' lang='lat' dir='ltr'><strong>asserens,</strong></span> 
     </span>
    </p>
   </div>
   <div class='ocr_carea' id='block_1_3' title="bbox 13 2721 1436 2813">
    <p class='ocr_par' dir='ltr' id='par_1_4' title="bbox 13 2721 1436 2813">
     <span class='ocr_line' id='line_1_25' title="bbox 13 2721 1436 2813; baseline -0.002 -24"><span class='ocrx_word' id='word_1_211' title='bbox 13 2735 17 2741; x_wconf 87' lang='grc'><strong>’</strong></span> <span class='ocrx_word' id='word_1_212' title='bbox 100 2804 101 2809; x_wconf 12' lang='lat'>¹</span> <span class='ocrx_word' id='word_1_213' title='bbox 156 2721 241 2812; x_wconf 90' lang='lat' dir='ltr'><strong>quod</strong></span> <span class='ocrx_word' id='word_1_214' title='bbox 263 2721 311 2788; x_wconf 93' lang='lat' dir='ltr'><strong>illi</strong></span> <span class='ocrx_word' id='word_1_215' title='bbox 332 2722 479 2788; x_wconf 91' lang='lat' dir='ltr'><strong>homines</strong></span> <span class='ocrx_word' id='word_1_216' title='bbox 500 2724 547 2812; x_wconf 91' lang='lat' dir='ltr'><strong>pii</strong></span> <span class='ocrx_word' id='word_1_217' title='bbox 570 2723 756 2813; x_wconf 87' lang='lat' dir='ltr'><strong>(perversos</strong></span> <span class='ocrx_word' id='word_1_218' title='bbox 778 2723 969 2812; x_wconf 89' lang='lat' dir='ltr'><strong>proditores,</strong></span> <span class='ocrx_word' id='word_1_219' title='bbox 997 2724 1179 2791; x_wconf 91' lang='lat' dir='ltr'><strong>haereticos</strong></span> <span class='ocrx_word' id='word_1_220' title='bbox 1198 2731 1231 2788; x_wconf 93' lang='lat' dir='ltr'><strong>et</strong></span> <span class='ocrx_word' id='word_1_221' title='bbox 1252 2723 1436 2790; x_wconf 78' lang='lat' dir='ltr'><strong>Pielrhartas</strong></span> 
     </span>
    </p>
   </div>
   <div class='ocr_carea' id='block_1_4' title="bbox 155 2825 1441 4816">
    <p class='ocr_par' dir='ltr' id='par_1_5' title="bbox 155 2825 1435 4285">
     <span class='ocr_line' id='line_1_26' title="bbox 156 2825 1435 2917; baseline -0.002 -23"><span class='ocrx_word' id='word_1_222' title='bbox 156 2849 211 2894; x_wconf 90' lang='lat' dir='ltr'><strong>eos</strong></span> <span class='ocrx_word' id='word_1_223' title='bbox 245 2825 430 2915; x_wconf 89' lang='lat' dir='ltr'><strong>appellans)</strong></span> <span class='ocrx_word' id='word_1_224' title='bbox 462 2827 625 2894; x_wconf 89' lang='lat' dir='ltr'><strong>voluerint</strong></span> <span class='ocrx_word' id='word_1_225' title='bbox 658 2851 770 2895; x_wconf 89' lang='lat' dir='ltr'><strong>omnes</strong></span> <span class='ocrx_word' id='word_1_226' title='bbox 793 2830 934 2896; x_wconf 91' lang='lat' dir='ltr'><strong>insimul.</strong></span> <span class='ocrx_word' id='word_1_227' title='bbox 958 2829 1082 2895; x_wconf 89' lang='lat' dir='ltr'><strong>incolas</strong></span> <span class='ocrx_word' id='word_1_228' title='bbox 1104 2827 1248 2917; x_wconf 89' lang='lat' dir='ltr'><strong>reliquos</strong></span> <span class='ocrx_word' id='word_1_229' title='bbox 1271 2828 1435 2910; x_wconf 87' lang='lat' dir='ltr'><strong>trucidare,</strong></span> 
     </span>
     <span class='ocr_line' id='line_1_27' title="bbox 159 2930 1434 3026; baseline -0.002 -28"><span class='ocrx_word' id='word_1_230' title='bbox 159 2930 247 2998; x_wconf 88' lang='lat' dir='ltr'><strong>viros</strong></span> <span class='ocrx_word' id='word_1_231' title='bbox 269 2952 397 3018; x_wconf 90' lang='lat' dir='ltr'><strong>nempe,</strong></span> <span class='ocrx_word' id='word_1_232' title='bbox 420 2932 572 2997; x_wconf 89' lang='lat' dir='ltr'><strong>mulieres</strong></span> <span class='ocrx_word' id='word_1_233' title='bbox 594 2942 627 3016; x_wconf 88' lang='lat' dir='ltr'><strong>et</strong></span> <span class='ocrx_word' id='word_1_234' title='bbox 647 2933 755 3022; x_wconf 89' lang='lat' dir='ltr'><strong>proles</strong></span> <span class='ocrx_word' id='word_1_235' title='bbox 778 2936 974 3026; x_wconf 89' lang='lat' dir='ltr'><strong>interimere,</strong></span> <span class='ocrx_word' id='word_1_236' title='bbox 1009 2933 1096 3024; x_wconf 91' lang='lat' dir='ltr'><strong>quod</strong></span> <span class='ocrx_word' id='word_1_237' title='bbox 1128 2955 1207 2999; x_wconf 85' lang='lat' dir='ltr'><strong>vero</strong></span> <span class='ocrx_word' id='word_1_238' title='bbox 1235 2933 1333 3000; x_wconf 82' lang='lat' dir='ltr'><strong>vobis</strong></span> <span class='ocrx_word' id='word_1_239' title='bbox 1354 2933 1434 3001; x_wconf 86' lang='lat' dir='ltr'><strong>Deus</strong></span> 
     </span>
     <span class='ocr_line' id='line_1_28' title="bbox 158 3033 1434 3123; baseline 0.005 -22"><span class='ocrx_word' id='word_1_240' title='bbox 158 3035 294 3123; x_wconf 87' lang='lat' dir='ltr'><strong>gratiam</strong></span> <span class='ocrx_word' id='word_1_241' title='bbox 319 3033 392 3100; x_wconf 94' lang='lat' dir='ltr'><strong>illos</strong></span> <span class='ocrx_word' id='word_1_242' title='bbox 421 3036 576 3103; x_wconf 88' lang='lat' dir='ltr'><strong>vincendi</strong></span> <span class='ocrx_word' id='word_1_243' title='bbox 597 3037 756 3106; x_wconf 83' lang='lat' dir='ltr'><strong>tribuerit.</strong></span> <span class='ocrx_word' id='word_1_244' title='bbox 780 3037 865 3106; x_wconf 81' lang='lat' dir='ltr'><strong>&#39;l&#39;um</strong></span> <span class='ocrx_word' id='word_1_245' title='bbox 897 3039 946 3105; x_wconf 84' lang='lat' dir='ltr'><strong>Te</strong></span> <span class='ocrx_word' id='word_1_246' title='bbox 975 3039 1084 3106; x_wconf 90' lang='lat' dir='ltr'><strong>Deum</strong></span> <span class='ocrx_word' id='word_1_247' title='bbox 1117 3036 1306 3105; x_wconf 90' lang='lat' dir='ltr'><strong>Laudamus</strong></span> <span class='ocrx_word' id='word_1_248' title='bbox 1329 3040 1434 3106; x_wconf 89' lang='lat' dir='ltr'><strong>decan·</strong></span> 
     </span>
     <span class='ocr_line' id='line_1_29' title="bbox 155 3144 1433 3237; baseline 0.002 -27"><span class='ocrx_word' id='word_1_249' title='bbox 155 3145 257 3229; x_wconf 89' lang='lat' dir='ltr'><strong>tastis,</strong></span> <span class='ocrx_word' id='word_1_250' title='bbox 280 3166 453 3232; x_wconf 89' lang='lat' dir='ltr'><strong>campanas</strong></span> <span class='ocrx_word' id='word_1_251' title='bbox 476 3144 595 3232; x_wconf 89' lang='lat' dir='ltr'><strong>ubique</strong></span> <span class='ocrx_word' id='word_1_252' title='bbox 616 3146 742 3233; x_wconf 85' lang='lat' dir='ltr'><strong>Pragae</strong></span> <span class='ocrx_word' id='word_1_253' title='bbox 763 3146 927 3236; x_wconf 86' lang='lat' dir='ltr'><strong>pulsastis,</strong></span> <span class='ocrx_word' id='word_1_254' title='bbox 960 3169 1019 3237; x_wconf 89' lang='lat' dir='ltr'><strong>per</strong></span> <span class='ocrx_word' id='word_1_255' title='bbox 1050 3157 1151 3214; x_wconf 88' lang='lat' dir='ltr'><strong>toturn</strong></span> <span class='ocrx_word' id='word_1_256' title='bbox 1173 3144 1354 3212; x_wconf 88' lang='lat' dir='ltr'><strong>Bohcmiae</strong></span> <span class='ocrx_word' id='word_1_257' title='bbox 1374 3164 1433 3230; x_wconf 83' lang='lat' dir='ltr'><strong>reg·</strong></span> 
     </span>
     <span class='ocr_line' id='line_1_30' title="bbox 162 3246 1433 3343; baseline 0.001 -30"><span class='ocrx_word' id='word_1_258' title='bbox 162 3271 241 3314; x_wconf 91' lang='lat' dir='ltr'><strong>num</strong></span> <span class='ocrx_word' id='word_1_259' title='bbox 262 3248 320 3314; x_wconf 92' lang='lat' dir='ltr'><strong>illa</strong></span> <span class='ocrx_word' id='word_1_260' title='bbox 341 3250 450 3339; x_wconf 86' lang='lat' dir='ltr'><strong>omnia</strong></span> <span class='ocrx_word' id='word_1_261' title='bbox 479 3250 570 3335; x_wconf 89' lang='lat' dir='ltr'><strong>falsa,</strong></span> <span class='ocrx_word' id='word_1_262' title='bbox 593 3260 691 3343; x_wconf 84' lang='lat' dir='ltr'><strong>atque</strong></span> <span class='ocrx_word' id='word_1_263' title='bbox 712 3253 748 3317; x_wconf 93' lang='lat' dir='ltr'><strong>in</strong></span> <span class='ocrx_word' id='word_1_264' title='bbox 781 3253 862 3319; x_wconf 90' lang='lat' dir='ltr'><strong>alias</strong></span> <span class='ocrx_word' id='word_1_265' title='bbox 894 3253 1043 3339; x_wconf 77' lang='lat' dir='ltr'><strong>regiones</strong></span> <span class='ocrx_word' id='word_1_266' title='bbox 1065 3275 1124 3341; x_wconf 93' lang='lat' dir='ltr'><strong>pro</strong></span> <span class='ocrx_word' id='word_1_267' title='bbox 1145 3274 1181 3325; x_wconf 87' lang='lat' dir='ltr'><strong>re</strong></span> <span class='ocrx_word' id='word_1_268' title='bbox 1204 3262 1295 3321; x_wconf 90' lang='lat' dir='ltr'><strong>certa</strong></span> <span class='ocrx_word' id='word_1_269' title='bbox 1318 3261 1351 3319; x_wconf 89' lang='lat' dir='ltr'><strong>et</strong></span> <span class='ocrx_word' id='word_1_270' title='bbox 1379 3246 1433 3315; x_wconf 82' lang='lat' dir='ltr'><strong>evi·</strong></span> 
     </span>
     <span class='ocr_line' id='line_1_31' title="bbox 160 3353 1432 3447; baseline -0.002 -27"><span class='ocrx_word' id='word_1_271' title='bbox 160 3353 250 3420; x_wconf 89' lang='lat' dir='ltr'><strong>denti</strong></span> <span class='ocrx_word' id='word_1_272' title='bbox 284 3355 520 3443; x_wconf 86' lang='lat' dir='ltr'><strong>perscripsistis</strong></span> <span class='ocrx_word' id='word_1_273' title='bbox 574 3365 608 3424; x_wconf 91' lang='lat' dir='ltr'><strong>et</strong></span> <span class='ocrx_word' id='word_1_274' title='bbox 655 3357 763 3446; x_wconf 79' lang='lat' dir='ltr'><strong>sigilla</strong></span> <span class='ocrx_word' id='word_1_275' title='bbox 784 3366 893 3424; x_wconf 87' lang='lat' dir='ltr'><strong>vestra</strong></span> <span class='ocrx_word' id='word_1_276' title='bbox 914 3355 957 3423; x_wconf 89' lang='lat' dir='ltr'><strong>ad</strong></span> <span class='ocrx_word' id='word_1_277' title='bbox 978 3357 1149 3424; x_wconf 87' lang='lat' dir='ltr'><strong>mendacia</strong></span> <span class='ocrx_word' id='word_1_278' title='bbox 1169 3354 1432 3447; x_wconf 88' lang='lat' dir='ltr'><strong>appressistis,in</strong></span> 
     </span>
     <span class='ocr_line' id='line_1_32' title="bbox 158 3458 1430 3549; baseline -0.002 -23"><span class='ocrx_word' id='word_1_279' title='bbox 158 3458 326 3544; x_wconf 87' lang='lat' dir='ltr'><strong>civitates,</strong></span> <span class='ocrx_word' id='word_1_280' title='bbox 362 3459 482 3549; x_wconf 88' lang='lat' dir='ltr'><strong>oppida</strong></span> <span class='ocrx_word' id='word_1_281' title='bbox 505 3470 537 3526; x_wconf 90' lang='lat' dir='ltr'><strong>et</strong></span> <span class='ocrx_word' id='word_1_282' title='bbox 570 3461 612 3528; x_wconf 92' lang='lat' dir='ltr'><strong>ad</strong></span> <span class='ocrx_word' id='word_1_283' title='bbox 635 3485 748 3529; x_wconf 85' lang='lat' dir='ltr'><strong>omnes</strong></span> <span class='ocrx_word' id='word_1_284' title='bbox 781 3466 881 3530; x_wconf 86' lang='lat' dir='ltr'><strong>status</strong></span> <span class='ocrx_word' id='word_1_285' title='bbox 915 3464 1181 3530; x_wconf 85' lang='lat' dir='ltr'><strong>transmittentes.</strong></span> <span class='ocrx_word' id='word_1_286' title='bbox 1227 3461 1344 3530; x_wconf 82' lang='lat' dir='ltr'><strong>Olenus</strong></span> <span class='ocrx_word' id='word_1_287' title='bbox 1365 3478 1430 3528; x_wconf 83' lang='lat' dir='ltr'><strong>vero</strong></span> 
     </span>
     <span class='ocr_line' id='line_1_33' title="bbox 157 3562 1431 3658; baseline -0.001 -28"><span class='ocrx_word' id='word_1_288' title='bbox 157 3562 250 3658; x_wconf 88' lang='lat' dir='ltr'><strong>vobis</strong></span> <span class='ocrx_word' id='word_1_289' title='bbox 281 3566 316 3630; x_wconf 91' lang='lat' dir='ltr'><strong>in</strong></span> <span class='ocrx_word' id='word_1_290' title='bbox 345 3565 468 3632; x_wconf 89' lang='lat' dir='ltr'><strong>malitia</strong></span> <span class='ocrx_word' id='word_1_291' title='bbox 505 3566 630 3652; x_wconf 88' lang='lat' dir='ltr'><strong>similis,</strong></span> <span class='ocrx_word' id='word_1_292' title='bbox 653 3569 783 3655; x_wconf 88' lang='lat' dir='ltr'><strong>quidam</strong></span> <span class='ocrx_word' id='word_1_293' title='bbox 816 3590 919 3657; x_wconf 88' lang='lat' dir='ltr'><strong>aeque</strong></span> <span class='ocrx_word' id='word_1_294' title='bbox 955 3569 1000 3634; x_wconf 90' lang='lat' dir='ltr'><strong>ita</strong></span> <span class='ocrx_word' id='word_1_295' title='bbox 1022 3568 1204 3635; x_wconf 89' lang='lat' dir='ltr'><strong>concionati</strong></span> <span class='ocrx_word' id='word_1_296' title='bbox 1224 3565 1356 3634; x_wconf 80' lang='lat' dir='ltr'><strong>luerunt</strong></span> <span class='ocrx_word' id='word_1_297' title='bbox 1376 3563 1431 3644; x_wconf 85' lang='lat' dir='ltr'><strong>hic,</strong></span> 
     </span>
     <span class='ocr_line' id='line_1_34' title="bbox 159 3668 1430 3758; baseline -0.002 -24"><span class='ocrx_word' id='word_1_298' title='bbox 159 3668 242 3735; x_wconf 92' lang='lat' dir='ltr'><strong>sicut</strong></span> <span class='ocrx_word' id='word_1_299' title='bbox 272 3692 331 3736; x_wconf 85' lang='lat' dir='ltr'><strong>vos</strong></span> <span class='ocrx_word' id='word_1_300' title='bbox 370 3669 458 3749; x_wconf 91' lang='lat' dir='ltr'><strong>alibi,</strong></span> <span class='ocrx_word' id='word_1_301' title='bbox 482 3682 515 3737; x_wconf 90' lang='lat' dir='ltr'><strong>et</strong></span> <span class='ocrx_word' id='word_1_302' title='bbox 549 3672 631 3739; x_wconf 88' lang='lat' dir='ltr'><strong>haec</strong></span> <span class='ocrx_word' id='word_1_303' title='bbox 664 3676 782 3758; x_wconf 88' lang='lat' dir='ltr'><strong>omnia,</strong></span> <span class='ocrx_word' id='word_1_304' title='bbox 820 3675 904 3740; x_wconf 89' lang='lat' dir='ltr'><strong>sicut</strong></span> <span class='ocrx_word' id='word_1_305' title='bbox 936 3672 1060 3739; x_wconf 89' lang='lat' dir='ltr'><strong>coelum</strong></span> <span class='ocrx_word' id='word_1_306' title='bbox 1093 3682 1230 3758; x_wconf 78' lang='lat' dir='ltr'><strong>aterna,</strong></span> <span class='ocrx_word' id='word_1_307' title='bbox 1254 3695 1276 3740; x_wconf 87' lang='lat' dir='ltr'><strong>a</strong></span> <span class='ocrx_word' id='word_1_308' title='bbox 1304 3672 1430 3740; x_wconf 86' lang='lat' dir='ltr'><strong>veritate</strong></span> 
     </span>
     <span class='ocr_line' id='line_1_35' title="bbox 158 3775 1432 3868; baseline -0.002 -27"><span class='ocrx_word' id='word_1_309' title='bbox 158 3783 290 3859; x_wconf 88' lang='lat' dir='ltr'><strong>remota,</strong></span> <span class='ocrx_word' id='word_1_310' title='bbox 325 3797 385 3841; x_wconf 89' lang='lat' dir='ltr'><strong>nec</strong></span> <span class='ocrx_word' id='word_1_311' title='bbox 407 3778 536 3843; x_wconf 84' lang='lat' dir='ltr'><strong>veritati</strong></span> <span class='ocrx_word' id='word_1_312' title='bbox 559 3778 687 3864; x_wconf 87' lang='lat' dir='ltr'><strong>similia,</strong></span> <span class='ocrx_word' id='word_1_313' title='bbox 710 3778 769 3846; x_wconf 83' lang='lat' dir='ltr'><strong>sed</strong></span> <span class='ocrx_word' id='word_1_314' title='bbox 789 3802 872 3868; x_wconf 91' lang='lat' dir='ltr'><strong>pura</strong></span> <span class='ocrx_word' id='word_1_315' title='bbox 892 3777 1062 3845; x_wconf 88' lang='lat' dir='ltr'><strong>mendacia</strong></span> <span class='ocrx_word' id='word_1_316' title='bbox 1083 3779 1221 3845; x_wconf 85' lang='lat' dir='ltr'><strong>fuerunt</strong></span> <span class='ocrx_word' id='word_1_317' title='bbox 1267 3778 1375 3868; x_wconf 86' lang='lat' dir='ltr'><strong>Atque</strong></span> <span class='ocrx_word' id='word_1_318' title='bbox 1394 3775 1432 3839; x_wconf 84' lang='lat' dir='ltr'><strong>ita</strong></span> 
     </span>
     <span class='ocr_line' id='line_1_36' title="bbox 158 3880 1431 3964; baseline 0.001 -19"><span class='ocrx_word' id='word_1_319' title='bbox 158 3880 220 3946; x_wconf 91' lang='lat' dir='ltr'><strong>hoc</strong></span> <span class='ocrx_word' id='word_1_320' title='bbox 251 3881 347 3946; x_wconf 89' lang='lat' dir='ltr'><strong>unico</strong></span> <span class='ocrx_word' id='word_1_321' title='bbox 369 3881 539 3951; x_wconf 89' lang='lat' dir='ltr'><strong>mendacio</strong></span> <span class='ocrx_word' id='word_1_322' title='bbox 562 3883 725 3950; x_wconf 86' lang='lat' dir='ltr'><strong>adsemel</strong></span> <span class='ocrx_word' id='word_1_323' title='bbox 748 3885 900 3951; x_wconf 87' lang='lat' dir='ltr'><strong>effecistis</strong></span> <span class='ocrx_word' id='word_1_324' title='bbox 933 3883 1034 3950; x_wconf 93' lang='lat' dir='ltr'><strong>multa</strong></span> <span class='ocrx_word' id='word_1_325' title='bbox 1055 3883 1157 3950; x_wconf 89' lang='lat' dir='ltr'><strong>millia</strong></span> <span class='ocrx_word' id='word_1_326' title='bbox 1178 3883 1431 3964; x_wconf 68' lang='lat' dir='ltr'><strong>mendaciorum</strong></span> 
     </span>
     <span class='ocr_line' id='line_1_37' title="bbox 159 3985 1434 4077; baseline 0.001 -28"><span class='ocrx_word' id='word_1_327' title='bbox 159 3985 223 4050; x_wconf 90' lang='lat' dir='ltr'><strong>imo</strong></span> <span class='ocrx_word' id='word_1_328' title='bbox 238 4043 243 4049; x_wconf 90' lang='lat'>.</span> <span class='ocrx_word' id='word_1_329' title='bbox 256 3992 288 4050; x_wconf 86' lang='lat' dir='ltr'><strong>et</strong></span> <span class='ocrx_word' id='word_1_330' title='bbox 309 4006 476 4073; x_wconf 89' lang='lat' dir='ltr'><strong>nunquam</strong></span> <span class='ocrx_word' id='word_1_331' title='bbox 497 3987 643 4055; x_wconf 90' lang='lat' dir='ltr'><strong>auditum</strong></span> <span class='ocrx_word' id='word_1_332' title='bbox 664 3989 734 4075; x_wconf 87' lang='lat' dir='ltr'><strong>fuit,</strong></span> <span class='ocrx_word' id='word_1_333' title='bbox 774 3998 811 4057; x_wconf 94' lang='lat' dir='ltr'><strong>ut</strong></span> <span class='ocrx_word' id='word_1_334' title='bbox 831 3990 873 4057; x_wconf 94' lang='lat' dir='ltr'><strong>ab</strong></span> <span class='ocrx_word' id='word_1_335' title='bbox 897 3988 1012 4057; x_wconf 87' lang='lat' dir='ltr'><strong>ovibus</strong></span> <span class='ocrx_word' id='word_1_336' title='bbox 1034 3988 1104 4077; x_wconf 91' lang='lat' dir='ltr'><strong>lupi</strong></span> <span class='ocrx_word' id='word_1_337' title='bbox 1120 3986 1360 4076; x_wconf 83' lang='lat' dir='ltr'><strong>jugularentur,</strong></span> <span class='ocrx_word' id='word_1_338' title='bbox 1388 3996 1434 4052; x_wconf 88' lang='lat' dir='ltr'><strong>aut</strong></span> 
     </span>
     <span class='ocr_line' id='line_1_38' title="bbox 158 4088 1435 4183; baseline -0.001 -27"><span class='ocrx_word' id='word_1_339' title='bbox 158 4088 273 4178; x_wconf 90' lang='lat' dir='ltr'><strong>vulpes</strong></span> <span class='ocrx_word' id='word_1_340' title='bbox 301 4111 321 4154; x_wconf 92' lang='lat' dir='ltr'><strong>a</strong></span> <span class='ocrx_word' id='word_1_341' title='bbox 342 4090 489 4179; x_wconf 71' lang='lat' dir='ltr'><strong>gallinis,</strong></span> <span class='ocrx_word' id='word_1_342' title='bbox 514 4093 573 4160; x_wconf 91' lang='lat' dir='ltr'><strong>sed</strong></span> <span class='ocrx_word' id='word_1_343' title='bbox 594 4117 648 4161; x_wconf 89' lang='lat' dir='ltr'><strong>res</strong></span> <span class='ocrx_word' id='word_1_344' title='bbox 670 4094 827 4163; x_wconf 88' lang='lat' dir='ltr'><strong>naturalis</strong></span> <span class='ocrx_word' id='word_1_345' title='bbox 850 4105 908 4182; x_wconf 90' lang='lat' dir='ltr'><strong>est,</strong></span> <span class='ocrx_word' id='word_1_346' title='bbox 939 4104 976 4161; x_wconf 91' lang='lat' dir='ltr'><strong>ut</strong></span> <span class='ocrx_word' id='word_1_347' title='bbox 1003 4094 1071 4183; x_wconf 90' lang='lat' dir='ltr'><strong>lupi</strong></span> <span class='ocrx_word' id='word_1_348' title='bbox 1101 4114 1178 4160; x_wconf 85' lang='lat' dir='ltr'><strong>oves</strong></span> <span class='ocrx_word' id='word_1_349' title='bbox 1201 4092 1368 4175; x_wconf 86' lang='lat' dir='ltr'><strong>devorent,</strong></span> <span class='ocrx_word' id='word_1_350' title='bbox 1408 4095 1435 4155; x_wconf 91' lang='lat' dir='ltr'><strong>et</strong></span> 
     </span>
     <span class='ocr_line' id='line_1_39' title="bbox 158 4192 613 4285; baseline 0.007 -26"><span class='ocrx_word' id='word_1_351' title='bbox 158 4192 273 4283; x_wconf 80' lang='lat' dir='ltr'><strong>vulpes</strong></span> <span class='ocrx_word' id='word_1_352' title='bbox 296 4195 434 4283; x_wconf 87' lang='lat' dir='ltr'><strong>gallinas</strong></span> <span class='ocrx_word' id='word_1_353' title='bbox 456 4198 613 4285; x_wconf 59' lang='lat' dir='ltr'><strong>rapiant⁸¹</strong></span> 
     </span>
    </p>

    <p class='ocr_par' dir='ltr' id='par_1_6' title="bbox 159 4298 1441 4816">
     <span class='ocr_line' id='line_1_40' title="bbox 244 4298 1436 4399; baseline 0.004 -34"><span class='ocrx_word' id='word_1_354' title='bbox 244 4298 379 4367; x_wconf 88' lang='lat' dir='ltr'><strong>Ovael</strong></span> <span class='ocrx_word' id='word_1_355' title='bbox 422 4299 557 4368; x_wconf 81' lang='lat' dir='ltr'><strong>Orac!</strong></span> <span class='ocrx_word' id='word_1_356' title='bbox 592 4302 686 4369; x_wconf 86' lang='lat' dir='ltr'><strong>vobis</strong></span> <span class='ocrx_word' id='word_1_357' title='bbox 708 4305 868 4391; x_wconf 88' lang='lat' dir='ltr'><strong>omnibus,</strong></span> <span class='ocrx_word' id='word_1_358' title='bbox 908 4309 965 4399; x_wconf 84' lang='lat' dir='ltr'><strong>qui</strong></span> <span class='ocrx_word' id='word_1_359' title='bbox 986 4307 1082 4396; x_wconf 91' lang='lat' dir='ltr'><strong>hujus</strong></span> <span class='ocrx_word' id='word_1_360' title='bbox 1118 4306 1195 4374; x_wconf 91' lang='lat' dir='ltr'><strong>mali</strong></span> <span class='ocrx_word' id='word_1_361' title='bbox 1234 4331 1336 4377; x_wconf 89' lang='lat' dir='ltr'><strong>causa</strong></span> <span class='ocrx_word' id='word_1_362' title='bbox 1356 4306 1436 4388; x_wconf 89' lang='lat' dir='ltr'><strong>estis,</strong></span> 
     </span>
     <span class='ocr_line' id='line_1_41' title="bbox 161 4400 1437 4500; baseline 0.009 -35"><span class='ocrx_word' id='word_1_363' title='bbox 161 4400 268 4468; x_wconf 88' lang='lat' dir='ltr'><strong>sivos</strong></span> <span class='ocrx_word' id='word_1_364' title='bbox 290 4404 332 4471; x_wconf 91' lang='lat' dir='ltr'><strong>ad</strong></span> <span class='ocrx_word' id='word_1_365' title='bbox 354 4406 463 4472; x_wconf 92' lang='lat' dir='ltr'><strong>Deum</strong></span> <span class='ocrx_word' id='word_1_366' title='bbox 485 4428 550 4471; x_wconf 93' lang='lat' dir='ltr'><strong>non</strong></span> <span class='ocrx_word' id='word_1_367' title='bbox 573 4411 807 4494; x_wconf 86' lang='lat' dir='ltr'><strong>converteritis,</strong></span> <span class='ocrx_word' id='word_1_368' title='bbox 839 4421 959 4499; x_wconf 90' lang='lat' dir='ltr'><strong>quanta</strong></span> <span class='ocrx_word' id='word_1_369' title='bbox 989 4411 1150 4478; x_wconf 92' lang='lat' dir='ltr'><strong>horrenda</strong></span> <span class='ocrx_word' id='word_1_370' title='bbox 1182 4414 1252 4500; x_wconf 91' lang='lat' dir='ltr'><strong>pati</strong></span> <span class='ocrx_word' id='word_1_371' title='bbox 1286 4424 1321 4481; x_wconf 86' lang='lat' dir='ltr'><strong>et</strong></span> <span class='ocrx_word' id='word_1_372' title='bbox 1354 4411 1437 4480; x_wconf 90' lang='lat' dir='ltr'><strong>susti·</strong></span> 
     </span>
     <span class='ocr_line' id='line_1_42' title="bbox 160 4507 1438 4596; baseline 0.012 -27"><span class='ocrx_word' id='word_1_373' title='bbox 160 4527 238 4573; x_wconf 89' lang='lat' dir='ltr'><strong>nere</strong></span> <span class='ocrx_word' id='word_1_374' title='bbox 260 4507 432 4591; x_wconf 88' lang='lat' dir='ltr'><strong>debebitis,</strong></span> <span class='ocrx_word' id='word_1_375' title='bbox 461 4532 519 4596; x_wconf 82' lang='lat' dir='ltr'><strong>pro</strong></span> <span class='ocrx_word' id='word_1_376' title='bbox 542 4514 718 4594; x_wconf 87' lang='lat' dir='ltr'><strong>tantistoti</strong></span> <span class='ocrx_word' id='word_1_377' title='bbox 741 4514 968 4582; x_wconf 89' lang='lat' dir='ltr'><strong>christianitati</strong></span> <span class='ocrx_word' id='word_1_378' title='bbox 1002 4517 1250 4584; x_wconf 88' lang='lat' dir='ltr'><strong>adversantibus</strong></span> <span class='ocrx_word' id='word_1_379' title='bbox 1275 4528 1309 4584; x_wconf 92' lang='lat' dir='ltr'><strong>et</strong></span> <span class='ocrx_word' id='word_1_380' title='bbox 1338 4518 1438 4587; x_wconf 89' lang='lat' dir='ltr'><strong>diabo-</strong></span> 
     </span>
     <span class='ocr_line' id='line_1_43' title="bbox 159 4609 1440 4711; baseline 0.008 -35"><span class='ocrx_word' id='word_1_381' title='bbox 159 4609 231 4677; x_wconf 90' lang='lat' dir='ltr'><strong>licis</strong></span> <span class='ocrx_word' id='word_1_382' title='bbox 251 4613 441 4697; x_wconf 89' lang='lat' dir='ltr'><strong>mendaciis,</strong></span> <span class='ocrx_word' id='word_1_383' title='bbox 474 4616 530 4702; x_wconf 90' lang='lat' dir='ltr'><strong>qui</strong></span> <span class='ocrx_word' id='word_1_384' title='bbox 552 4615 701 4686; x_wconf 89' lang='lat' dir='ltr'><strong>diabolus</strong></span> <span class='ocrx_word' id='word_1_385' title='bbox 724 4643 744 4686; x_wconf 94' lang='lat' dir='ltr'><strong>a</strong></span> <span class='ocrx_word' id='word_1_386' title='bbox 765 4622 927 4711; x_wconf 89' lang='lat' dir='ltr'><strong>principio</strong></span> <span class='ocrx_word' id='word_1_387' title='bbox 949 4622 1092 4689; x_wconf 86' lang='lat' dir='ltr'><strong>mendax</strong></span> <span class='ocrx_word' id='word_1_388' title='bbox 1120 4622 1183 4688; x_wconf 84' lang='lat' dir='ltr'><strong>fuit</strong></span> <span class='ocrx_word' id='word_1_389' title='bbox 1205 4625 1295 4690; x_wconf 89' lang='lat' dir='ltr'><strong>etin</strong></span> <span class='ocrx_word' id='word_1_390' title='bbox 1313 4627 1440 4692; x_wconf 86' lang='lat' dir='ltr'><strong>veritate</strong></span> 
     </span>
     <span class='ocr_line' id='line_1_44' title="bbox 160 4719 1441 4816; baseline 0.012 -35"><span class='ocrx_word' id='word_1_391' title='bbox 160 4737 325 4809; x_wconf 86' lang='lat' dir='ltr'><strong>nunquam</strong></span> <span class='ocrx_word' id='word_1_392' title='bbox 347 4719 509 4806; x_wconf 81' lang='lat' dir='ltr'><strong>perstitit3</strong></span> <span class='ocrx_word' id='word_1_393' title='bbox 533 4729 705 4814; x_wconf 86' lang='lat' dir='ltr'><strong>antequam</strong></span> <span class='ocrx_word' id='word_1_394' title='bbox 727 4726 816 4792; x_wconf 91' lang='lat' dir='ltr'><strong>enim</strong></span> <span class='ocrx_word' id='word_1_395' title='bbox 834 4725 1042 4794; x_wconf 89' lang='lat' dir='ltr'><strong>mendacium</strong></span> <span class='ocrx_word' id='word_1_396' title='bbox 1064 4749 1164 4795; x_wconf 87' lang='lat' dir='ltr'><strong>unum</strong></span> <span class='ocrx_word' id='word_1_397' title='bbox 1185 4749 1248 4816; x_wconf 88' lang='lat' dir='ltr'><strong>per</strong></span> <span class='ocrx_word' id='word_1_398' title='bbox 1268 4753 1330 4799; x_wconf 86' lang='lat' dir='ltr'><strong>vos</strong></span> <span class='ocrx_word' id='word_1_399' title='bbox 1360 4729 1441 4799; x_wconf 88' lang='lat' dir='ltr'><strong>cleri·</strong></span> 
     </span>
    </p>
   </div>
   <div class='ocr_carea' id='block_1_5' title="bbox 0 0 1482 5086">
    <p class='ocr_par' dir='ltr' id='par_1_7' title="bbox 0 0 1482 5086">
     <span class='ocr_line' id='line_1_45' title="bbox 0 0 1482 5086; baseline 0 0"><span class='ocrx_word' id='word_1_400' title='bbox 0 0 1482 5086; x_wconf 95' lang='lat' dir='ltr'><strong> </strong></span> 
     </span>
    </p>
   </div>
  </div>
 </body>
</html>
