2946 5086
1328 157 1394 235 w

92 333 276 400 intulerunt
306 335 447 421 tamdiu,
476 336 582 403 donec
618 333 753 402 tandem
781 335 971 422 transigere
993 333 1183 402 debuissent
1203 333 1397 424 quibusdam

92 459 169 505 cum
206 439 444 506 conditionibus
489 448 522 506 et
557 462 665 506 arcem
693 441 764 529 jam
784 439 879 507 valde
902 439 1108 521 vdestructam
1136 441 1171 506 in
1200 448 1393 529 potestatem

90 544 183 631 regis
216 543 342 609 cedere.
386 545 472 610 Dum
507 566 586 611 vero
623 544 704 608 haec
736 553 809 611 acta
836 544 984 626 luissent,
1032 544 1183 610 Joannes-
1208 544 1391 633 Stephanus

92 647 128 713 in
161 649 333 715 Poloniam
354 649 498 715 recessit.
543 649 584 714 In
617 650 758 714 erastino
790 670 878 732 vero,
909 647 962 714 die
991 670 1109 737 nempe
1140 647 1233 715 Jovis
1265 646 1390 738 majori,

94 774 215 842 nempe
239 755 273 818 in
297 776 398 820 coena
419 752 565 838 Domini,
599 775 659 819 rex
681 776 701 817 a
722 760 837 819 natura
868 775 926 818 sua
958 754 1071 841 pietati
1100 760 1271 819 consuetae
1296 753 1392 841 juxta

95 857 358 924 informationem
392 861 623 946 magistrorum
658 879 787 924 snorum
820 879 1012 946 propensus,
1035 878 1193 944 pauperes
1218 855 1290 922 cibo
1314 878 1389 923 oon·

95 961 239 1045 fortavit,
262 963 428 1052 pedesque
450 986 563 1028 eorum
588 961 668 1028 lavit
699 963 842 1028 inaneis
874 963 973 1030 viridi
1005 962 1217 1050 hypocausto,
1241 962 1392 1050 exemplo

95 1065 233 1133 Domini
262 1069 322 1151 sui,
360 1069 509 1155 sequenti
542 1067 648 1133 modo.
703 1067 813 1133 Primo
851 1066 971 1134 adduci
987 1068 1088 1156 jussit
1109 1069 1152 1133 ad
1181 1065 1289 1134 cubile
1309 1067 1392 1137 illud

98 1172 255 1239 tredecim
278 1195 439 1260 pauperes
460 1172 628 1238 mendicos
650 1172 755 1265 virilis
779 1195 889 1250 sexus,
922 1181 955 1239 et
977 1170 1392 1262 quidemadlocumillum,

98 1281 150 1348 ubi
176 1266 280 1346 status
301 1282 460 1368 equestris
483 1289 516 1346 et
538 1280 646 1346 civilis
669 1279 773 1346 solent
794 1290 870 1347 vota
892 1301 953 1345 sna
982 1299 1171 1367 proponere,
1200 1275 1258 1343 ubi
1293 1275 1390 1344 collo·

99 1387 165 1453 cari
184 1387 286 1474 jussit
306 1407 453 1451 mensam
477 1385 659 1470 oblongam,
683 1407 765 1474 quae
788 1393 875 1451 tecta
896 1407 1024 1473 mappa,
1049 1382 1181 1449 orbibus
1205 1390 1237 1448 et
1258 1381 1390 1469 ampho-

100 1494 145 1557 ris
171 1491 291 1577 ligneis
314 1489 448 1556 cuilibet
470 1490 655 1578 specialiter
676 1491 832 1556 instructa
854 1490 922 1557 fuit
966 1488 1113 1555 Tandem
1134 1487 1301 1574 praecepit
1320 1487 1389 1574 qui·

97 1595 240 1664 busdam
275 1595 465 1683 proceribus
500 1594 747 1661 notabilioribus
774 1592 928 1661 Bobemis
960 1602 992 1659 et
1013 1591 1205 1673 Austriaois,
1228 1601 1264 1656 ut
1285 1591 1391 1659 eidem

94 1701 194 1768 eibos
218 1698 260 1765 de
282 1698 390 1765 eulina
411 1700 503 1785 regia
525 1699 683 1782 adferant,
708 1721 845 1786 quorum
866 1698 1024 1765 tredecim
1046 1707 1147 1777 crant,
1168 1698 1289 1786 optime
1299 1717 1392 1784 prae.-

85 1814 294 1895 paratorum,
318 1804 463 1870 ciborum
497 1826 639 1891 nempe;
662 1803 740 1869 dum
762 1803 843 1869 haec
865 1804 911 1869 ita
930 1803 1017 1869 facta
1039 1803 1185 1890 fuissent,
1209 1805 1296 1893 quod
1317 1826 1391 1893 por·

87 1910 241 1976 taverint
276 1906 367 1974 cibos
396 1931 455 1996 pro
486 1908 631 1997 qnalibet
668 1930 808 1994 persona
841 1907 1025 1997 specialiter
1045 1911 1080 1975 in
1116 1910 1261 1976 scutellis
1283 1911 1392 1999 parvis

88 2015 240 2102 ligneis3
263 2021 331 2077 turn
353 2034 415 2078 rex
435 2022 511 2078 ante
532 2034 678 2078 mensam
702 2020 791 2077 stans
813 2011 879 2078 illis
902 2013 1082 2096 inservivit,
1117 2022 1150 2079 et
1181 2015 1298 2101 cuique
1329 2013 1390 2080 hos

83 2121 185 2188 cibos
207 2119 364 2207 porrexit,
386 2119 562 2203 vinumque
583 2117 648 2183 illis
671 2120 707 2184 in
728 2117 899 2206 amphoras
922 2118 981 2183 has
1002 2118 1135 2203 inuidit,
1159 2117 1250 2185 eibos
1270 2126 1388 2195 autem,

86 2246 175 2316 quos
199 2245 265 2288 non
286 2231 564 2312 consumpserrmt,
587 2222 754 2289 mandavit
775 2224 891 2290 aulicis
917 2231 953 2288 ut
973 2232 1048 2311 post
1068 2223 1242 2311 prandium
1257 2222 1392 2290 illaom·

86 2332 158 2413 nia,
183 2351 301 2417 nempe
312 2328 413 2412 cibos,
436 2327 596 2412 scutellas,
619 2328 790 2415 amphoras
802 2336 835 2394 et
845 2328 940 2395 orbes
952 2320 1088 2414 ligneos,
1102 2328 1135 2394 in
1147 2329 1245 2411 vasis,
1255 2348 1391 2417 quorum

88 2436 195 2502 etiam
216 2432 373 2498 tredecim
394 2433 535 2516 fuerunt,
557 2432 599 2497 ad
622 2431 702 2498 baec
723 2435 934 2521 praeparatis,
964 2433 999 2498 in
1021 2431 1237 2521 quorumlibet
1263 2432 1389 2500 habita·

90 2540 169 2608 cula
203 2537 360 2622 delerant,
393 2546 564 2627 postquam
597 2537 728 2605 domum
757 2538 887 2604 iverint.
928 2537 1007 2603 Post
1037 2537 1209 2626 prandium
1238 2537 1391 2605 sacmdos

94 2642 286 2713 decantavit
306 2643 478 2711 lectionem
501 2644 605 2708 sancti
626 2643 774 2726 Joannis,
812 2665 909 2731 quam
932 2640 994 2707 hac
1016 2642 1070 2708 die
1092 2641 1311 2708 christianitas
1330 2665 1391 2732 per

91 2750 253 2818 ecelesias
275 2750 452 2831 consuevit,
484 2747 526 2813 de
548 2746 713 2814 ablutione
734 2746 1117 2836 pedumprostolcrum,
1152 2755 1184 2814 et
1205 2746 1282 2813 dum
1313 2767 1388 2817 can·

92 2865 166 2924 tum
188 2854 356 2938 linivisset,
380 2855 510 2920 dicens:
533 2853 620 2943 quod
641 2854 806 2942 accipiens
828 2854 989 2921 Dominus
1011 2863 1122 2920 noster
1142 2852 1239 2920 Jesus
1275 2850 1385 2921 Chris-

94 2971 149 3029 tus
187 2959 333 3043 linteum,
366 2959 423 3025 illo
453 2981 489 3024 se
521 2959 741 3047 praecinxerit
769 2966 802 3024 et
832 2959 866 3027 in
893 2980 1048 3048 cupreum
1076 2980 1135 3026 vas
1165 2980 1283 3048 aquam
1303 2957 1390 3026 inlu·

97 3067 184 3134 derit
205 3075 287 3151 etc.;
309 3073 378 3132 tum
408 3087 471 3130 rex
492 3065 677 3152 praecinxit
709 3086 745 3130 se
774 3064 1000 3153 linteopuro,
1020 3074 1053 3131 et
1073 3086 1133 3130 vas
1155 3086 1310 3152 cupreum
1331 3062 1387 3130 ad·

97 3173 178 3238 ferri
194 3173 304 3260 jussit,
327 3193 412 3259 aqua
432 3169 610 3257 impletum,
639 3169 727 3259 quod
748 3171 914 3259 accipiens
938 3161 1109 3259 episcopus
1125 3168 1303 3256 Trygensis
1324 3191 1385 3257 pro

99 3286 176 3344 tnnc
210 3297 377 3363 praesens,
403 3273 576 3342 collocavit
606 3273 649 3339 ad
671 3273 850 3362 quemlibet
869 3274 957 3339 hune
985 3295 1177 3362 pauperem.
1214 3272 1287 3339 Rex
1307 3291 1387 3340 vero

101 3380 338 3464 humiflectens,
361 3377 548 3445 effundente
570 3380 723 3468 episeopo
747 3380 880 3446 cuilibet
902 3399 1019 3466 aquam
1044 3399 1141 3466 super
1172 3377 1295 3443 nudum
1316 3379 1387 3467 ejus

99 3486 252 3554 dextrum
282 3483 399 3573 pedem
434 3484 538 3551 abluit
567 3493 599 3551 et
632 3485 808 3573 quemlibet
829 3484 991 3551 osculatus
1014 3483 1085 3566 fuit,
1107 3504 1211 3570 usque
1243 3481 1286 3548 ad
1314 3482 1388 3551 ulti-

99 3614 198 3658 mum.
244 3589 418 3677 Postquam
440 3589 502 3655 hcc
523 3589 691 3673 linivisset,
713 3590 837 3678 porrigi
859 3589 922 3656 sibi
939 3590 1041 3676 jussit
1062 3585 1217 3652 tredecim
1240 3579 1387 3655 sacculos

95 3697 215 3764 rubros
247 3694 290 3759 ad
318 3694 401 3760 haec
430 3693 614 3781 specialiter
645 3705 865 3783 praeparatos,
898 3715 1034 3783 quorum
1066 3691 1199 3758 cuilibet
1232 3715 1331 3760 unum
1352 3695 1389 3760 in

91 3802 221 3869 nodum
242 3799 416 3889 appendit3
438 3801 473 3865 in
495 3799 639 3888 quolibet
659 3822 737 3868 vero
761 3800 889 3868 saeculo
913 3812 982 3868 erat
1003 3823 1152 3869 nummus
1170 3823 1234 3889 pre
1266 3799 1389 3867 floreno

92 3906 279 3988 Rhenensi,
303 3904 437 3971 cuilibet
457 3904 584 3971 addidit
606 3905 702 3970 etiam
724 3904 849 3992 aliquot
869 3910 961 3973 ulnas
984 3907 1062 3975 boni
1083 3907 1184 3995 panni
1207 3928 1266 3995 pro
1288 3911 1389 3989 veste,

91 4026 126 4080 et
152 4010 255 4078 telam
276 4032 335 4096 pro
358 4009 497 4092 indusio,
521 4031 604 4098 quae
626 4011 692 4076 illis
714 4010 881 4077 distribuit
914 4021 947 4078 et
967 4012 1100 4079 tandem
1121 4011 1195 4078 illos
1229 4009 1272 4076 ad
1294 4007 1386 4075 habi·

90 4116 206 4186 tacula
240 4137 349 4181 eorum
381 4114 512 4182 dimisit.
556 4116 608 4184 De
631 4114 688 4182 tali
710 4123 783 4182 actu
805 4117 979 4184 commisso
1001 4141 1022 4184 a
1043 4127 1109 4184 tam
1130 4123 1262 4204 potente
1284 4113 1386 4180 chris·

89 4226 184 4290 tiano
208 4221 339 4286 domino
361 4242 428 4286 non
450 4221 588 4305 auditur,
611 4221 668 4309 qui
690 4244 725 4286 se
736 4221 782 4287 ita
803 4221 990 4291 humiliaret
999 4223 1164 4290 modernis
1178 4220 1391 4311 temporibus,

91 4332 181 4396 sicut
213 4326 267 4392 bic
301 4347 360 4393 rex
382 4327 470 4411 fecit,
503 4326 590 4415 quod
613 4326 654 4391 de
675 4326 732 4393 illo
754 4326 946 4393 confirmant
977 4329 1097 4395 multae
1118 4328 1184 4395 fide
1213 4328 1334 4413 dignae
1355 4337 1389 4396 et

90 4432 256 4503 notabiles
279 4455 447 4521 personae,
472 4455 554 4520 quae
582 4454 641 4521 pro
663 4432 752 4498 fideli
773 4433 909 4499 veritate
931 4435 1011 4500 fassi
1032 4434 1171 4517 fuerumt,
1206 4417 1292 4521 quod
1308 4430 1390 4499 illud

91 4545 195 4609 etiam
228 4541 264 4604 in
285 4538 357 4605 aliis
378 4539 565 4624 regionibus
599 4562 697 4626 agere
731 4543 953 4627 consueverit3
988 4533 1196 4631 quodetiam
1217 4539 1388 4625 imperato·

91 4671 162 4715 rem
187 4643 343 4713 Oarolum
365 4644 497 4712 fratrem
520 4648 591 4736 ejus
613 4644 718 4732 egisse
740 4644 950 4716 testabantur.
