2946 5086
1260 218 1263 225 .
1298 176 1361 247 167

74 359 177 417 tresve
201 350 273 417 dies
296 351 418 419 occlusi
432 371 623 440 permanere
645 349 836 433 debuerunt,
859 350 982 436 provisi
1004 346 1167 437 lapidibus
1189 356 1226 414 ut
1247 373 1282 416 se
1305 351 1360 418 de-

74 452 203 520 fendere
219 457 355 544 possint,
379 457 407 521 si
429 456 578 542 Hungari
600 457 754 543 impetum
776 453 938 542 quendam
960 462 1130 520 tentarent.
1160 453 1224 521 Pro
1237 463 1359 544 tempe·

74 558 293 648 randaitaque
315 561 377 625 hac
392 558 549 625 seditione
559 545 741 646 Progensos
762 559 935 624 adiverunt
959 557 1240 647 archiepiscopum
1251 559 1361 626 Ostre·
1388 590 1391 597 ’

74 685 260 747 gemensem
283 664 324 730 ad
346 665 535 753 petitionem
555 665 703 750 magistri
724 663 860 746 Passelr,
894 663 1105 753 ejusdemquo
1136 663 1225 747 oleri,
1247 672 1284 729 ut
1304 665 1360 729 ad·

74 766 132 833 huc
155 791 232 839 cum
245 768 351 855 legato
375 768 534 857 quaedem
555 791 654 855 agere
675 770 808 856 possint.
829 769 918 833 Dum
934 790 1010 854 ergo
1022 767 1148 854 legatus
1163 768 1356 835 addomum

74 872 306 961 archiepiscopi
329 885 461 939 vocatus
483 874 606 956 fuisset,
640 873 681 938 de
715 874 922 961 compactatis
964 881 996 937 et
1018 894 1129 938 eorum
1151 895 1249 938 sensu
1286 896 1361 939 cum

74 977 185 1042 eodem
198 999 296 1063 agere
308 979 517 1066 inceperunt,
541 978 667 1071 legatus
679 1000 756 1044 vero
770 975 947 1065 respondit,
964 975 999 1041 id
1017 976 1188 1042 admittere
1211 977 1274 1043 sibi
1289 1000 1361 1051 esse

74 1080 282 1168 impossibile.
315 1084 498 1170 Pragenses
520 1106 598 1150 vero
621 1093 654 1149 et
675 1084 779 1150 clerus
801 1084 930 1150 illorum
952 1083 1188 1171 responderunt
1208 1105 1267 1170 per
1288 1105 1359 1148 ma-

74 1186 206 1270 gistrum
228 1187 431 1272 Korambun,
456 1188 543 1276 quod
574 1211 617 1255 ex
638 1190 764 1276 integro
778 1191 859 1254 'sinc
882 1186 1135 1254 contradictione
1158 1195 1360 1275 compactata

76 1292 261 1378 suscipiant,
286 1302 319 1357 et
352 1285 408 1358 illa
438 1295 472 1359 in
495 1316 605 1360 eorum
635 1295 765 1382 proprio
799 1315 897 1359 sensu
928 1292 1129 1381 approbent3
1165 1291 1250 1380 quod
1283 1314 1361 1358 vero

77 1397 186 1460 attinet
207 1395 301 1460 illum
323 1398 503 1482 articulum,
535 1398 576 1464 ob
600 1420 696 1486 quem
718 1399 860 1464 maxime
881 1398 967 1463 inter
988 1398 1062 1465 illos
1084 1397 1292 1484 disceptatur,
1317 1397 1364 1462 ita

77 1500 317 1587 responderunt,
341 1502 429 1588 quod
451 1505 485 1569 in
509 1505 690 1592 sumptione
712 1505 880 1590 utriusque
915 1502 1037 1590 speciei
1067 1501 1210 1587 corporis
1234 1509 1265 1565 et
1288 1506 1363 1564 san·

80 1606 179 1687 guinis
203 1604 326 1671 Christi
346 1605 481 1671 Domini
502 1628 568 1671 non
591 1606 636 1672 sit
655 1616 865 1694 praeceptum
889 1605 1021 1689 Christi,
1039 1605 1100 1673 sed
1114 1604 1267 1670 Bohemis
1284 1625 1359 1669 oon·

76 1726 199 1773 cessum
211 1707 307 1773 sitex
327 1718 486 1797 potestate
498 1709 619 1777 Sacrae
634 1710 800 1792 Romanae
815 1709 996 1792 Ecclesiae,
1019 1707 1114 1796 hujus
1136 1719 1244 1774 autem
1266 1730 1361 1794 argu·
1409 1791 1411 1796 .

81 1819 214 1876 mentum
243 1833 323 1898 prae
344 1813 494 1879 manibus
527 1836 600 1879 esse
632 1815 667 1878 in
703 1813 807 1898 libris,
830 1822 923 1900 gesta
952 1822 1008 1879 aut
1029 1813 1183 1878 historiae
1215 1821 1363 1879 vetustae

82 1916 255 1980 nominatis.
280 1915 367 1981 lllud
389 1939 467 1983 vero
492 1917 633 2004 apostoli
654 1917 840 1996 Bohemiae‚
863 1917 953 1988 Erha
986 1918 1158 2005 opiscopus
1187 1915 1363 1998 Moraviae,

84 2026 107 2082 et
126 2020 279 2086 Donatus
301 2021 479 2087 Bohemiae
509 2022 644 2088 Romam
680 2022 723 2088 ad
755 2023 886 2089 Patrem
916 2024 1155 2089 sanctissimum
1188 2028 1361 2109 pergentes

82 2127 329 2191 communionem
345 2127 442 2192 talem
455 2125 515 2193 sub
538 2136 674 2215 utraque
696 2128 806 2214 specie
829 2127 1026 2193 obtinuerint
1048 2148 1107 2214 per
1129 2147 1292 2214 expensas
1307 2148 1363 2192 no·

79 2226 183 2294 ubiles
206 2238 240 2294 et
256 2230 501 2314 sollicitudines,
517 2232 602 2319 sicut
622 2230 788 2317 legiturin
803 2231 946 2298 historiis
969 2233 1004 2297 in
1025 2231 1215 2297 consistorio
1235 2229 1366 2315 collegii

77 2325 244 2421 Pragensis
266 2327 452 2401 asservatis.
497 2335 617 2401 Notum
639 2358 718 2401 vero
741 2357 824 2413 esse,
847 2334 980 2423 quodin
994 2335 1153 2401 Bohemia
1174 2343 1206 2400 et
1219 2334 1367 2401 Moravia

76 2437 177 2529 nehus
200 2438 242 2503 dc
275 2441 430 2528 apostolis
454 2439 575 2506 Christi
597 2440 716 2525 fuerit;
739 2439 787 2505 illi
819 2449 927 2505 autem
949 2439 1126 2506 Bohemiae
1148 2438 1276 2526 populo,
1311 2438 1367 2526 qui

74 2535 209 2609 durioris
232 2543 352 2609 indolis
375 2553 406 2611 et
425 2545 551 2631 ingenii
573 2544 663 2610 rudis
687 2565 816 2632 semper
836 2544 897 2609 fuit
920 2543 988 2631 (cui
1010 2542 1119 2611 omnia
1140 2565 1183 2608 ex
1204 2544 1364 2629 scriptura

74 2660 162 2713 Sacra
184 2636 325 2736 probare
347 2647 555 2737 debuerunt),
583 2649 722 2715 ccclesia
746 2658 859 2722 sancta
879 2650 914 2716 vi
936 2649 1037 2715 officii
1059 2650 1109 2714 sui
1132 2648 1236 2723 sancti
1258 2646 1363 2712 admi·

74 2752 150 2817 serit
171 2753 431 2818 communionem
453 2753 512 2819 sub
535 2761 671 2841 utraque
695 2755 825 2840 specie·
849 2752 934 2819 Cum
950 2775 1027 2820 vero
1049 2751 1180 2819 tandem
1203 2773 1263 2839 per
1285 2760 1364 2817 tem·

74 2856 158 2935 poris
181 2854 356 2922 intervalla
378 2857 561 2921 communio
584 2856 666 2922 haec
689 2859 873 2940 cessaverit,
904 2857 1010 2924 denuo
1032 2879 1092 2945 per
1113 2857 1273 2925 Joannem
1294 2855 1362 2923 wi·
1395 2912 1401 2945 Ι.

74 2958 222 3044 cleffium,
239 3022 242 3027 ,
257 2952 390 3051 Petrum
411 2960 624 3026 Waldensem
647 2971 680 3026 et
700 2960 861 3026 Joannem
884 2962 955 3027 Hus
970 2961 1101 3049 prodiit,
1135 2972 1166 3026 et
1197 2961 1364 3051 hucusque

74 3063 155 3152 apud
178 3056 340 3157 Bohemos
363 3064 398 3129 in
421 3087 480 3130 usu
503 3073 560 3129 est.
584 3065 630 3130 Ut
659 3066 759 3152 igitur
802 3067 985 3153 consideret
1017 3066 1152 3152 legatus,
1187 3064 1274 3152 quod
1295 3088 1361 3131 non

74 3167 304 3253 contradicant,
328 3167 386 3233 sed
408 3169 601 3253 admittant;
633 3169 719 3256 quod
741 3170 822 3236 illud
844 3193 910 3235 non
932 3172 975 3234 sit
996 3178 1205 3257 praeceptum
1228 3167 1360 3251 Christi,

74 3271 215 3360 adeoque
239 3272 326 3361 quod
348 3295 448 3339 causa
468 3295 533 3338 non
564 3274 615 3354 sit,
650 3283 686 3340 ut
706 3285 839 3362 propter
860 3274 1001 3340 flaturum
1024 3273 1197 3340 concilium
1219 3294 1285 3337 non
1307 3272 1363 3338 de·

74 3370 184 3442 herent
207 3362 363 3465 consequi
385 3379 611 3459 exsecutorias⁸¹
1229 3369 1233 3373 ’

151 3481 215 3547 His
239 3490 272 3547 et
292 3481 411 3547 talibus
434 3482 555 3548 dolosis
577 3481 687 3547 verbis
708 3489 936 3569 persuaserunt
968 3480 1108 3566 legatum
1135 3481 1178 3547 ad
1199 3482 1362 3549 interven·

74 3585 189 3651 tionem
212 3585 448 3674 archiepiscopi
476 3586 748 3672 Ostregomensis,
772 3585 857 3674 quod
879 3585 1002 3651 eisdem
1025 3587 1227 3677 executorias
1250 3597 1362 3654 extra·

74 3686 149 3754 dere
163 3686 365 3778 promiserit.
408 3689 523 3755 Altera
545 3690 599 3755 die
633 3689 763 3755 tandem
798 3691 887 3756 citati
914 3691 1045 3755 fuerunt
1078 3712 1189 3755 omnes
1211 3690 1359 3776 Bohemi,

74 3812 184 3881 nempe
206 3794 360 3882 princeps
384 3793 528 3878 Carolus,
552 3794 702 3860 dominus
725 3795 812 3879 Lew,
838 3803 870 3860 et
891 3796 947 3861 alii
968 3794 1107 3860 Bohemi
1129 3817 1202 3860 cum
1225 3804 1363 3883 utroque

74 3894 185 3983 clero,
202 3907 235 3964 et
264 3899 340 3964 dum
363 3899 614 3987 praetenderent
635 3897 733 3974 illud,
768 3899 809 3987 ob
843 3899 930 3986 quod
967 3922 1039 3964 cum
1070 3899 1177 3986 legato
1214 3911 1359 3987 egerunt,

74 3993 190 4085 legatus
225 4005 332 4068 renuit
361 4001 442 4068 illud
471 4003 650 4080 extradere,
682 3996 832 4070 nisisibi
864 4006 980 4091 viginti
1003 4004 1105 4068 millia
1136 4014 1355 4090 numerentur,

74 4098 222 4191 asserens,
246 4130 326 4196 quos
348 4107 470 4173 tamdiu
492 4107 565 4173 illos
580 4107 700 4172 ibidem
714 4117 906 4195 exspectans
923 4111 993 4197 jam
1013 4108 1136 4196 aliquot
1156 4108 1258 4175 millia
1281 4131 1358 4174 con-

75 4214 253 4299 sumpserit,
290 4211 551 4299 archiepiscopus
574 4211 615 4276 ob
639 4211 742 4277 levius
764 4214 902 4299 pretium
926 4235 999 4279 cum
1020 4212 1075 4278 illo
1106 4235 1217 4300 egens,
1248 4213 1357 4281 effecit

74 4320 106 4375 ut
116 4314 227 4383 decem
243 4325 368 4404 tantum
380 4316 482 4381 millia
493 4314 702 4403 deponantur.
729 4317 890 4382 Dominus
905 4316 983 4382 Levv
1013 4339 1090 4382 vero
1114 4317 1356 4404 adversabatur,

74 4421 198 4488 utillud
222 4419 358 4486 deberet
379 4443 399 4485 a
421 4420 528 4508 legato
551 4443 668 4503 emere,
691 4420 812 4497 dicens,
834 4421 899 4487 tale
922 4445 956 4486 se
970 4444 990 4485 a
1013 4421 1148 4487 statibus
1170 4423 1359 4491 mandatum

75 4532 126 4591 uon
147 4524 286 4602 habere,
321 4532 356 4590 ut
389 4547 463 4590 cum
496 4523 603 4611 legato
637 4525 760 4612 aliquid
791 4534 877 4609 agat,
910 4547 946 4590 se
974 4547 1039 4591 non
1066 4548 1138 4594 esse
1159 4530 1293 4596 missum
1315 4531 1359 4598 ad

75 4613 212 4714 legatum,
238 4628 296 4694 sed
308 4628 349 4693 ad
363 4628 461 4694 Suam
473 4629 608 4716 Regiam
625 4628 837 4718 Majestatem.
866 4629 1044 4718 Respondit
1058 4634 1357 4718 magisterPassek:

74 4717 166 4804 0hare
189 4733 340 4801 domiue!
362 4722 421 4799 cur
430 4733 471 4800 de
493 4733 544 4800 his
567 4735 643 4801 estis
666 4733 804 4801 solliciti.
827 4732 919 4801 Haec
948 4757 1013 4802 non
1044 4748 1161 4805 curate.
1193 4739 1358 4828 Numquid
