2946 5086
133 164 193 237 'id'

134 339 222 406 mine
241 339 353 430 judex,
374 339 428 406 hio
448 339 623 407 Pickharta
644 337 965 410 mecum'contendit.
987 339 1091 423 Alter,
1114 348 1284 427 suspectus
1302 360 1414 427 nempe,
1462 376 1465 435 q

135 444 198 510 hoc
219 443 365 528 audiens,
395 442 579 532 respoudit:
601 446 761 527 mentiris,
781 445 867 511 vade
878 447 942 510 tuis
954 446 1027 528 viis,
1049 444 1209 527 mentiris,
1234 443 1321 530 quod
1332 443 1413 508 Pick-
1462 436 1465 499 l

135 547 229 614 harta
265 569 325 634 ego
362 549 432 612 sim.
462 547 573 614 Judex
606 547 688 615 haec
709 548 854 631 audiens,
884 551 956 614 risit
978 571 1017 615 ac
1039 536 1124 614 dixit
1146 555 1318 634 suspecto:
1354 547 1415 612 Jam

136 674 224 718 nuuc
245 650 405 739 intelligo,
427 650 512 716 bone
534 652 594 735 vir,
628 659 662 716 te
684 650 807 717 bonnm
829 651 1040 718 christianum
1064 674 1144 733 esse,
1178 651 1265 718 vade
1288 651 1415 747 domum,

138 765 171 824 et
193 778 288 823 serva
307 778 432 845 pacem,
467 764 500 820 ot
520 757 567 819 ita
588 755 630 822 ab
652 756 793 821 invicem
822 764 1037 820 recesserunt.
1084 755 1183 820 Certe
1216 756 1245 819 si
1278 754 1335 820 ills
1357 776 1414 820 sus·

137 870 249 950 pectus
282 860 380 926 fidem
410 882 502 926 suam
538 881 604 925 non
632 859 748 925 fuisset
769 859 944 946 professus,
978 860 1076 924 etiam
1098 881 1141 924 ex
1163 859 1298 924 civitate
1319 858 1415 944 pulsus

136 966 260 1048 fuisset,
293 974 349 1030 aut
384 963 498 1029 saltem
532 966 761 1045 incarceratus,
799 971 831 1027 et
863 965 909 1027 ita
932 964 1016 1028 sicut
1048 962 1103 1028 ahi
1135 961 1278 1027 afflictus
1300 962 1410 1044 fuisset,

139 1091 274 1157 quorum
297 1067 463 1133 hominum
499 1088 619 1154 magna
640 1068 734 1154 copia
754 1065 825 1150 fuit,
859 1068 915 1153 qui
937 1067 1033 1132 aliter
1054 1066 1159 1132 rabiei
1189 1065 1249 1131 tali
1271 1067 1411 1130 resistere

137 1195 203 1239 non
224 1179 405 1259 potuerunt,
442 1173 507 1236 nisi
529 1171 640 1255 lingua
677 1179 709 1235 et
742 1170 880 1256 loquelis
912 1170 1118 1236 mordacibus
1152 1191 1188 1235 se
1210 1178 1410 1256 opponerent.

138 1275 260 1342 Clerici
292 1285 399 1342 autem
437 1274 569 1362 quidam
598 1296 671 1339 cum
694 1272 966 1358 administratore,
1004 1273 1175 1339 audientes
1207 1271 1347 1337 subinde
1367 1293 1414 1358 per

138 1380 263 1468 plateas
286 1382 363 1445 talia
386 1381 537 1462 convitia,
572 1380 722 1462 riserunt,
757 1386 790 1443 et
821 1379 905 1443 inter
927 1400 963 1443 sa
984 1377 1067 1443 haec
1088 1376 1316 1442 collaudantes
1338 1375 1415 1440 dixe-

140 1494 233 1568 runt,
256 1485 291 1550 id
312 1507 378 1549 non
401 1505 474 1547 esse
495 1482 755 1566 Pickhartorum,
794 1491 826 1547 et
847 1505 912 1548 non
935 1504 1007 1548 esse
1029 1483 1233 1547 necessarias
1256 1480 1417 1547 admoniti·

140 1610 218 1655 ones
239 1589 273 1653 in
299 1588 457 1670 ecclesiis,
480 1586 539 1652 hos
563 1588 650 1651 enim
672 1608 745 1652 essa
767 1587 869 1653 bonos
893 1587 1096 1653 christianos.

227 1692 371 1777 Ideoque
395 1692 477 1755 sicut
498 1690 818 1776 Micro·Pragenses
840 1691 922 1756 felix
942 1693 1071 1756 initium
1104 1712 1182 1755 suae
1213 1689 1321 1755 rabiei
1340 1709 1417 1752 more

141 1797 354 1884 pessimorum
386 1796 573 1860 animalium
604 1796 752 1860 fecerunt
773 1795 813 1860 de
838 1795 951 1864 ,aliena
972 1776 1125 1882 pharetra
1147 1797 1284 1881 sagittas
1318 1794 1423 1861 tollen-

142 1909 203 1982 tes,
225 1902 272 1966 ita
293 1901 476 1985 Pragenses
499 1899 540 1964 ab
562 1899 627 1963 illis
651 1900 802 1986 exempla
824 1900 910 1964 mala
932 1906 1148 1986 sumpserunt,
1186 1908 1220 1965 et
1243 1899 1360 1965 talibus
1377 1901 1420 1986 ju·

143 2004 362 2071 canditatibus
392 2005 444 2069 usi
475 2004 613 2086 fuerunt,
646 2013 742 2090 prout
775 2003 953 2092 (daemoni)
1002 2013 1034 2068 et
1057 2003 1252 2090 sequacibus
1277 2006 1347 2093 ejus
1366 2002 1420 2089 pla·
1463 2062 1465 2067 .

146 2111 234 2192 cuit3
257 2108 306 2173 illi
327 2131 405 2174 voro
437 2109 526 2194 prius
549 2107 583 2171 id
605 2130 813 2195 praesumere
836 2131 902 2173 non
934 2109 1004 2172 ausi
1028 2107 1167 2189 fuerunt,
1201 2109 1267 2173 nisi
1289 2107 1420 2179 viderint
1463 2162 1465 2189 ἱ

144 2211 243 2300 hujus
266 2213 354 2300 apud
374 2213 675 2298 Micro-Pragenses
698 2213 849 2295 audaces,
873 2213 1089 2299 impudentes,
1120 2220 1153 2276 et
1174 2213 1264 2277 omni
1288 2213 1416 2278 aestima·
1463 2202 1465 2273 l

147 2317 237 2381 tione
260 2338 379 2381 vacuos
404 2337 600 2383 successum.
636 2317 718 2381 Nam
743 2319 838 2382 facile
861 2328 910 2381 est
939 2316 1036 2381 stulto
1065 2316 1214 2381 fraenum
1236 2315 1357 2392 laxare,
1388 2320 1414 2377 ut
1463 2304 1465 2315 '

146 2420 203 2485 alii
220 2422 317 2507 juxta
355 2422 440 2484 huuc
475 2421 627 2486 stultitias
661 2431 800 2486 tractare
834 2423 969 2509 possint.
1013 2420 1049 2485 si
1081 2419 1381 2505 Micro·Pragenses
1406 2438 1419 2479 a

147 2525 341 2612 quibusdam
363 2526 403 2589 de
427 2533 512 2589 statu
534 2525 691 2590 baronum
716 2535 748 2590 et
771 2528 915 2612 equitum
939 2526 1089 2590 instructi
1111 2545 1178 2588 non
1200 2523 1348 2607 fuissent,
1369 2542 1418 2586 non

148 2639 197 2694 est
218 2629 384 2711 credibile,
408 2628 494 2717 quod
516 2629 672 2694 auderent
694 2639 749 2695 aut
771 2633 891 2695 scirent
916 2654 969 2697 res
992 2632 1114 2696 similes
1137 2639 1274 2713 tentare,
1298 2652 1376 2717 quae
1392 2626 1420 2692 ab
1463 2612 1465 2627 ²

147 2736 241 2798 initio
263 2755 471 2821 praesumere
493 2736 563 2797 ausi
586 2734 724 2816 fuerunt,
749 2747 924 2817 currentes,
958 2746 994 2799 ut
1014 2735 1121 2800 rabidi
1145 2735 1235 2822 (nam
1260 2757 1326 2799 non
1348 2733 1421 2798 aliter

149 2839 244 2903 decet
266 2836 307 2900 de
339 2837 458 2902 talibus
492 2838 592 2925 loqui)
625 2862 685 2926 per
706 2839 842 2924 Augezd
874 2849 906 2904 et
937 2840 1216 2923 Micro-Pragam
1239 2841 1366 2921 armati,
1398 2837 1421 2900 in

150 2942 265 3008 domos
287 2942 405 3006 multas
427 2940 593 3027 pulsantes
616 2945 702 3007 etin
725 2943 806 3006 alios
830 2965 925 3006 omen
948 2943 1191 3008 Pickharticum
1215 2943 1300 3008 false
1330 2953 1361 3006 et
1380 2941 1419 3005 do·

149 3047 219 3111 lose
240 3056 479 3133 praetexentes,
502 3070 614 3113 cursus
638 3055 669 3110 et
691 3055 781 3110 actus
805 3069 879 3111 siros
903 3056 1012 3134 turpes
1035 3046 1171 3132 perinde
1194 3048 1374 3134 palliantes.

234 3152 380 3218 Tandem
406 3152 507 3217 altera
529 3153 582 3216 die
606 3153 797 3237 Pragenses,
820 3159 856 3214 ut
877 3150 997 3214 dictum
1021 3150 1092 3231 fuit,
1116 3149 1156 3215 ob
1170 3151 1258 3236 quod
1282 3173 1355 3215 cum
1376 3147 1423 3212 illis

151 3257 576 3340 commerciumhabuerunt,
599 3255 679 3320 illud
701 3255 913 3342 perfecerunt,
935 3254 1309 3340 ubiMicro-Pragenses
1329 3257 1424 3318 iterun

153 3363 194 3430 ab
217 3365 268 3429 his
292 3363 477 3450 exemplum
501 3369 706 3447 sumpserunt
726 3381 785 3447 pro
799 3361 896 3423 variis
920 3357 1150 3422 afflictionibus
1166 3379 1299 3422 auorum
1314 3360 1424 3430 civium¹

151 3477 278 3534 tantum
300 3490 365 3532 non
388 3490 408 3530 a
431 3466 582 3532 carnifice
604 3465 801 3550 infligendis,
836 3464 932 3527 etiam
967 3472 998 3525 et
1021 3461 1082 3526 hoc
1113 3461 1290 3543 fecissent,
1321 3471 1357 3526 ut
1376 3460 1426 3524 vita

151 3573 225 3665 illos
247 3574 472 3660 privavissent,
495 3573 522 3634 si
544 3572 585 3635 ad
623 3570 780 3656 quosdam
802 3569 891 3631 cives
928 3560 973 3630 ob¹
991 3565 1171 3629 absentiam
1197 3586 1311 3629 eorum
1333 3583 1424 3630 acces·

153 3699 223 3743 sum
247 3675 367 3742 habere
389 3676 579 3762 potuissent,
603 3695 738 3760 quorum
762 3681 870 3736 tamen
893 3671 1036 3734 omnium
1058 3671 1205 3757 primarii
1228 3679 1263 3733 et
1292 3671 1427 3734 authores

153 3782 283 3848 fuerunt
315 3781 350 3844 in
372 3780 434 3844 hac
455 3778 536 3842 urbe
565 3779 695 3864 quidam
719 3775 986 3841 Bartholomaeus
1008 3775 1135 3853 Nonirz,
1173 3781 1205 3836 et
1227 3772 1325 3838 Vitus
1347 3769 1428 3837 Zelac

152 3887 232 3952 dicti
256 3888 417 3966 concives,
441 3893 473 3949 et
489 3885 591 3970 jurati
615 3882 759 3947 seniores
783 3880 1038 3963 communitatis3
1064 3876 1151 3964 apud
1174 3875 1249 3941 illos
1274 3879 1361 3943 enim
1374 3876 1431 3962 jam

154 3989 341 4056 debilitatus
365 3996 495 4053 senatus
517 3987 578 4052 fuit
599 3995 732 4074 propter
754 3985 925 4050 tumultum
948 3983 1043 4068 hujus
1067 3981 1219 4063 civitatis,
1244 3983 1302 4068 qui
1325 3983 1352 4046 si
1372 3997 1429 4044 cum

155 4117 236 4159 sana
258 4094 431 4182 prudentia
466 4092 691 4174 stultisassent,
721 4090 848 4155 facilius
881 4087 1012 4153 tolerari
1041 4087 1208 4172 potuisset,
1242 4106 1318 4150 cum
1340 4092 1429 4150 autem

154 4197 327 4284 pecoribus
350 4198 472 4262 similes
494 4196 623 4276 fuerint,
647 4203 679 4259 et
701 4194 782 4258 alios
804 4194 840 4257 in
862 4213 968 4256 mores
993 4212 1067 4253 suos
1102 4191 1334 4275 pertraxerint,
1369 4186 1428 4250 ideo

158 4301 250 4386 digni
271 4324 337 4367 non
363 4311 447 4383 sunt,
480 4301 571 4365 utin
595 4300 792 4385 proprietate
810 4297 915 4362 bonae
938 4294 1106 4382 prudentis
1128 4301 1266 4358 naturae
1289 4293 1431 4359 humanae

156 4412 458 4470 commemorentur.
493 4402 559 4466 Hic
590 4402 676 4465 enim
709 4399 987 4479 Bartholomaeus
1026 4396 1174 4484 quamvis
1205 4397 1380 4482 imaginem
1407 4400 1432 4456 et

156 4527 328 4595 personam
350 4508 491 4572 hominis
515 4505 675 4588 habuerit,
709 4512 800 4570 actus
834 4513 944 4568 umen
974 4501 1132 4566 humanos
1153 4498 1260 4566 bonos
1285 4517 1432 4588 nunquam

158 4611 316 4693 exhibuit,
346 4610 557 4679 humanorum
579 4610 831 4675 infortuniorum
853 4629 978 4688 amans,
1013 4606 1132 4670 famam
1157 4613 1189 4666 et
1212 4603 1369 4670 honorem
1387 4600 1432 4667 ali·

158 4739 250 4784 orum
272 4715 439 4782 hominum
460 4739 528 4805 ⁸ore
559 4714 735 4799 impudico,
769 4724 802 4778 et
832 4709 1035 4778 sermonibus
1068 4708 1165 4773 nimis
1188 4707 1331 4793 levibus,
1361 4724 1435 4773 more
