2946 5086
71 151 134 221 126

67 324 273 393 &manunt
330 322 451 389 Verum
490 343 556 389 non
589 320 737 397 omnibus
749 370 758 406 ,
797 321 854 389 sed
888 322 941 388 cui
973 321 1023 389 illi
1053 306 1234 409 voluenmt,
1258 332 1289 390 et
1308 325 1359 390 cui

68 431 173 517 magis
194 426 358 511 favebant,
381 434 476 516 prout
498 426 606 493 multis
629 428 774 514 contigit,
797 427 883 515 quod
906 429 1002 495 ctiam
1025 428 1087 494 hoc
1109 439 1278 518 sperantes
1308 454 1355 496 ex·

69 535 297 623 spectaverint,
332 532 461 598 interim
483 555 525 597 cx
546 532 678 598 civitate
713 531 804 597 exire
835 531 1023 617 debuerunt,
1050 533 1168 621 quibus
1189 518 1265 600 nec·
1287 534 1356 600 illae

68 637 182 705 literae
202 638 399 727 profuerunt,
414 638 498 703 sicut
518 635 639 703 factmn
660 635 722 702 fuit
743 635 837 711 Gallo
858 636 900 704 ab
920 647 1074 726 argentea
1092 639 1189 723 Rosa,
1210 649 1243 705 et
1265 640 1356 709 Geor·

68 745 122 831 gio
158 724 273 826 l'atelr,
296 744 411 811 sartori
449 751 520 827 etc,
544 743 599 830 qui
634 738 700 807 una
721 764 795 809 cum
830 742 880 809 his
903 743 969 809 suis
992 740 1264 821 testimonialibus
1292 746 1355 811 lite·

66 848 112 913 ris
148 848 344 915 decivitate
380 846 477 913 edicti
515 854 547 911 et
568 849 668 912 amoti
700 846 838 912 fuerunt.
882 847 1001 914 Multos
1024 850 1122 915 etiam
1152 872 1220 915 non
1257 851 1356 915 statim

66 954 112 1019 ita
134 960 354 1042 susceperunt,
377 951 435 1017 sed
458 952 535 1017 satis
557 951 614 1017 diu
637 974 692 1018 eos
715 951 929 1037 detinuerunt,
951 954 985 1019 in
1008 956 1193 1040 egentia'et
1227 976 1356 1044 pauper·

66 1066 133 1122 tate
154 1057 292 1140 illorum,
316 1079 382 1123 non
404 1055 610 1122 admittentes
625 1057 700 1123 illos
711 1057 865 1124 alimenta
887 1080 945 1123 sua
966 1080 1132 1145 quaerere,
1158 1060 1259 1146 juxta
1286 1059 1356 1125 libi-

66 1169 134 1227 tum
165 1164 343 1251 proprium,
379 1161 483 1228 donec
500 1164 571 1250 jam
593 1149 692 1251 aliqui
714 1161 756 1228 de
776 1164 909 1252 propria
941 1165 1010 1231 vita
1037 1165 1180 1252 pertaesi
1214 1163 1356 1231 fuissent

66 1263 180 1354 ltaque
202 1252 366 1335 cumillis
390 1276 526 1354 egerunt
548 1266 659 1333 clerici
681 1275 718 1349 ct
735 1268 917 1334 saeculares
932 1267 1123 1356 pracsertim
1139 1266 1355 1349 notabiliores,

66 1370 188 1437 fructus
211 1394 286 1447 suos
308 1372 350 1438 ab
374 1371 440 1437 illis
463 1370 647 1439 hominibus
668 1375 864 1461 pauperibus
897 1382 930 1440 et
952 1373 1038 1439 dona
1057 1374 1279 1461 percipientes
1306 1373 1358 1438 sub

66 1480 196 1544 nomine
227 1477 305 1545 fidei
333 1477 540 1556 christianae,
569 1485 614 1561 ut,
638 1480 693 1567 qui
722 1478 830 1565 aliqua
865 1477 951 1553 dona
977 1477 1078 1561 dedit,
1110 1488 1142 1543 et
1164 1477 1274 1561 solvit,
1308 1475 1357 1541 ille

12 1623 27 1639 κ
67 1581 261 1649 liberlirerit
294 1604 315 1647 a
348 1582 523 1666 citatione,
558 1583 613 1669 qui
642 1579 719 1649 ve'ro
751 1582 832 1648 illud
864 1591 1030 1670 praestare
1061 1604 1128 1651 non
1163 1580 1289 1669 potuit,
1324 1580 1360 1645 de

66 1686 197 1754 civitate
225 1684 349 1751 edictus
377 1685 447 1751 fuit.
492 1685 637 1767 Quilibet
656 1687 765 1774 itaque
796 1686 955 1774 quaedam
987 1687 1126 1753 offerens
1159 1695 1193 1752 et
1229 1672 1359 1778 donans,

64 1813 123 1879 pro
145 1790 231 1858 bono
253 1790 428 1857 christiano
466 1798 499 1856 et
527 1790 598 1857 cive
632 1793 760 1878 agnitus
793 1799 826 1857 et
860 1791 1020 1859 toleratus
1050 1791 1126 1876 fuit,
1156 1792 1253 1878 qnasi
1283 1811 1359 1855 neo-

63 1903 158 1968 natus
194 1895 315 1962 inisset.
359 1895 451 1977 Quae
474 1903 561 1961 certe
582 1897 660 1980 scio,
682 1897 763 1962 haec
784 1896 897 1984 loquor
920 1906 952 1963 et
972 1919 1014 1962 ex
1050 1897 1152 1983 digito
1189 1895 1291 1961 nihil·
1310 1916 1359 1958 ex-

66 2002 150 2067 suxi.
193 1999 267 2067 Hoc
287 2000 431 2067 breviter
452 1999 580 2086 addam,
604 2000 690 2088 quod
711 2001 836 2088 Pragae
857 2001 938 2069 nihil
961 1989 1070 2069 actum
1098 2000 1206 2083 fuerit,
1229 1997 1295 2064 nisi
1307 1995 1358 2068 ubi

63 2113 232 2192 argentum
254 2105 442 2193 praevaluit.
486 2105 579 2187 Quae
601 2113 707 2171 autem
729 2113 801 2172 acta
822 2107 888 2171 sint
910 2128 983 2171 cum
1004 2105 1150 2190 Judaeis,
1165 2102 1202 2169 id
1223 2104 1261 2169 in
1279 2101 1357 2170 libro
1380 2148 1383 2153 -

64 2209 127 2277 hoc
148 2232 219 2298 cap.
241 2210 292 2277 26.
314 2206 422 2278 fusius
438 2211 606 2299 reperitur.
649 2209 693 2276 Et
713 2232 772 2298 pro
794 2211 921 2276 meliori
941 2211 1057 2278 notitia
1074 2196 1192 2281 horum
1207 2210 1355 2292 omnium,

66 2314 251 2403 exemplum
288 2316 403 2383 saltem
424 2337 524 2381 unum
546 2315 754 2381 correctionis
790 2317 826 2381 in
847 2314 994 2402 collegio,
1018 2323 1056 2389 et¹
1082 2315 1303 2402 revocationis
1325 2313 1356 2377 in

65 2418 186 2510 templo
208 2420 263 2489 hic
284 2443 420 2511 appono.

605 2570 751 2701 carus
781 2572 854 2679 10.¹
887 2634 894 2640 -

66 2791 105 2851 ln
135 2810 194 2869 quo
233 2791 422 2867 describitur,
453 2793 571 2867 qualern
604 2794 746 2871 magister
777 2791 886 2853 Gallus
920 2793 1134 2872 obligationem
1169 2794 1298 2856 ediderit
1327 2801 1352 2852 et

67 2879 242 2956 imposuerit
264 2876 317 2952 eis,
340 2886 503 2955 antequam
517 2881 739 2940 vcorrectionem
761 2881 990 2958 praestitissent.
1035 2882 1175 2942 Tandem
1209 2881 1352 2957 quomodo

66 2984 132 3026 cum
155 2984 214 3026 uno
237 2965 273 3024 de
292 2965 464 3026 Pickhartis
486 2963 621 3026 Czahera
642 2967 929 3045 processerat-item
952 2968 1070 3045 qualem
1092 2969 1306 3031 correctionem
1327 2975 1353 3027 et

444 3100 447 3105 .
479 3054 701 3115 revocationem
722 3054 939 3134 praestiterint.

96 3212 103 3219 ·
153 3167 261 3234 Primo
282 3167 325 3257 de
358 3170 557 3236 correctione
589 3179 711 3258 agetur.
746 3172 833 3237 Dum
869 3171 1027 3261 quasdam
1049 3194 1209 3261 personae
1243 3175 1351 3239 citatae

66 3270 197 3339 fuerunt
217 3271 260 3338 ad
281 3274 506 3340 consistorium
535 3275 589 3341 die
610 3275 766 3342 Mercurii
793 3284 868 3343 ante
900 3276 1095 3343 dominicam
1127 3279 1291 3366 passionis
1320 3278 1351 3341 in

43 3369 207 3443 'mutina
229 3386 303 3466 post
324 3377 412 3443 diem
434 3379 468 3446 S.
490 3378 666 3460 Ambrosii,
687 3403 773 3446 anuo
797 3390 859 3447 etc.
883 3384 946 3466 24,
976 3392 1043 3448 tum
1065 3383 1223 3449 allocutos
1246 3390 1350 3448 omnes'

64 3481 127 3547 fuit
145 3481 396 3568 administrator,
429 3487 576 3571 quamvis
600 3485 707 3551 latiori
741 3494 773 3551 et
803 3486 950 3576 ampliori
985 3509 1143 3566 sermone,
1170 3495 1203 3553 et
1234 3486 1349 3568 verbis,

64 3586 100 3652 in
121 3586 329 3653 hunctameu
351 3610 503 3654 sensum:
529 3589 691 3676 „Hocvos
715 3592 798 3657 scire
810 3601 945 3681 oportet,
968 3615 1027 3659 vos
1048 3592 1122 3658 ideo
1145 3615 1219 3659 esse
1231 3595 1349 3671 citatos,

66 3691 152 3778 qnod
173 3714 290 3781 nempe
322 3692 420 3758 fidem
451 3703 596 3760 sanctam
626 3697 750 3780 attinet,
780 3705 816 3762 ut
845 3695 1022 3784 quemlibet
1053 3703 1243 3781 nosceretis,
1278 3701 1349 3790 quid

67 3796 188 3875 credat,
221 3797 360 3885 ideoque
390 3797 527 3886 quilibet
558 3808 701 3877 vestrum
732 3801 938 3889 singulariter
970 3801 1066 3869 nobis
1098 3803 1194 3889 dicet,
1230 3814 1262 3872 et
1294 3806 1348 3872 sub

63 3902 281 3968 conscientiae
304 3924 381 3968 suae
403 3902 546 3970 laesione
578 3928 618 3972 ac
640 3916 772 3974 aeterna
805 3906 1011 3972 damnatione
1033 3907 1206 3974 veritatem
1227 3910 1348 3998 profite-

62 4005 161 4091 bitur,
183 4029 249 4073 non
270 4007 449 4097 respiciens
470 4006 627 4097 personas
648 4020 788 4096 nostras,
811 4021 847 4078 ut
869 4013 1028 4100 quaedam
1050 4023 1164 4080 contra
1185 4017 1347 4081 conscien-

63 4112 142 4179 tiam
164 4135 255 4178 suam
277 4121 407 4179 coactus
429 4122 551 4201 ageret,
575 4117 659 4182 sicut
679 4117 779 4189 frater
793 4117 932 4183 Mathias
955 4117 1112 4184 danobis
1135 4117 1271 4206 scribit;
1293 4140 1348 4185 nec

62 4217 144 4283 forte
166 4220 264 4289 etiam
287 4218 328 4285 ob
349 4226 471 4285 metum
500 4221 683 4289 amissionis
697 4221 921 4289 alimentorum
937 4244 1076 4306 suorum,
1100 4224 1219 4290 timens
1239 4248 1282 4292 ne
1303 4225 1347 4291 his

62 4322 217 4408 privetur,
241 4323 299 4399 sed
321 4325 429 4411 quivis
450 4326 614 4412 respiciat,
645 4348 727 4414 quae
760 4316 851 4392 illum
873 4328 927 4395 hic
957 4338 989 4394 et
1010 4330 1045 4393 in
1066 4328 1169 4395 altera
1199 4331 1270 4396 vita
1298 4353 1347 4396 ex·

62 4434 218 4515 spectent.
262 4428 329 4493 Nos
350 4429 446 4496 facile
467 4430 620 4519 decipere
654 4434 799 4519 potestis,
833 4434 907 4522 quia
928 4433 1075 4500 homines
1098 4455 1228 4520 sumus,
1260 4435 1347 4501 Deus

60 4552 141 4599 vero
162 4529 232 4598 falli
253 4550 317 4598 non
340 4542 454 4623 potest,
477 4536 542 4602 imo
555 4534 683 4602 facilius
698 4539 839 4602 animam
863 4537 979 4623 aliquis
996 4560 1086 4603 suam
1109 4538 1226 4606 fallere
1239 4551 1349 4630 potest.

62 4633 164 4704 Fides
185 4642 303 4718 summ,
337 4660 420 4726 quae
449 4640 542 4708 vobis
574 4641 785 4728 intimabitur,
819 4666 861 4709 ex
890 4642 965 4730 lege
987 4642 1109 4709 Christi
1132 4653 1190 4730 est,
1224 4648 1261 4713 in
1291 4670 1350 4739 qua

49 4740 329 4826 praedecessores
350 4744 454 4809 nostri
475 4752 551 4810 ante
573 4755 702 4839 pentrrm
713 4768 816 4816 annos
831 4747 948 4814 mortui
961 4756 1044 4832 sunt,
1065 4770 1125 4836 pro
1156 4757 1351 4839 quaomnia
