2946 5086
100 102 205 217 'aso

147 321 205 389 ubi
229 320 350 388 consul
372 326 403 386 et
428 341 538 387 omnes
560 320 617 389 alii
638 321 794 389 officiales
814 323 945 391 nomine
967 312 1206 400 communitatis
1215 320 1425 389 foederainie

144 436 223 495 runt
247 447 321 491 cum
344 433 458 491 senatu
481 434 593 493 contra
614 427 785 514 relegatos,
818 437 854 493 ut
884 428 1024 495 invicem
1056 425 1214 516 adjuvent
1244 435 1278 493 et
1300 426 1424 495 consilio

142 531 303 607 assistant,
337 552 466 618 semper
486 533 590 620 magis
614 556 649 598 se
671 532 843 599 firmantes.
876 533 949 599 Rex
970 543 1045 600 ante
1066 532 1189 598 abitum
1224 554 1318 598 suum
1339 554 1421 598 man·

141 637 232 703 davit
253 635 383 701 domino
405 636 484 701 Lew
515 636 723 723 burggravio,
756 637 886 703 domino
908 637 1027 703 Joanni
1049 635 1090 701 de
1111 636 1352 724 Wartemberg,
1374 636 1422 703 do·

142 744 231 807 mino
255 740 446 807 Sebastiano
482 740 522 805 de
544 741 724 808 Weitmlihl
747 764 789 807 ex
822 741 1023 830 proceribus,
1057 751 1089 806 et
1119 741 1250 807 domino
1285 741 1420 806 Henrico

144 845 273 911 Hlotels
304 868 346 911 ex
382 845 553 933 equitibus,
567 846 571 852 ’
587 868 746 912 cameram
778 847 901 933 regiam
931 853 1007 911 tunc
1029 843 1297 932 gubernantibus,
1318 854 1366 910 ¹ut
1392 847 1422 910 in

139 950 191 1015 die
213 950 419 1039 reliquiarum
434 952 581 1038 proxime
592 951 698 1017 futura
721 951 764 1039 (8.
776 950 865 1041 Maj.)
882 951 990 1016 omnia
1005 948 1141 1029 dissidia
1153 950 1237 1014 inter
1248 949 1424 1036 Pragenses

138 1054 299 1142 relegatos
319 1056 533 1121 amicabiliter
553 1064 766 1143 componant3
790 1055 876 1144 quod
898 1056 1024 1120 sivero
1047 1053 1265 1145 itacomponi
1288 1065 1354 1120 non
1370 1076 1422 1144 po·

30 1230 33 1236 ,
138 1162 267 1245 tuerint,
305 1169 341 1226 ut
362 1183 414 1226 res
437 1161 517 1225 haec
540 1160 706 1226 differatur
726 1182 829 1247 usque
852 1159 894 1225 ad
916 1158 1169 1224 reditumsnum
1192 1180 1252 1246 pro
1266 1157 1423 1223 audientia

140 1273 172 1329 ct
187 1265 276 1353 justo
293 1264 429 1354 judicio.
471 1266 524 1353 De
556 1265 705 1331 hisvero
729 1263 877 1330 omnibus
906 1284 1012 1350 neque
1034 1263 1160 1327 initium
1182 1270 1335 1350 coeptum
1357 1262 1420 1340 fuit,

142 1368 199 1433 sed
222 1369 346 1433 interea
370 1371 524 1456 temporis
548 1364 780 1456 quaedamalia
799 1369 1020 1453 uovaPragae
1041 1367 1251 1455 postPascha
1272 1367 1422 1433 dieJovis

140 1474 242 1539 sancti
264 1473 368 1538 Marci
388 1474 471 1540 festo
495 1473 640 1560 ejusdem
661 1475 738 1539 anni
761 1473 928 1564 (sempr.)
943 1477 1035 1541 inter
1049 1476 1138 1563 ipsos
1153 1472 1339 1561 Pragenses
1360 1482 1422 1540 orta

139 1576 276 1644 fuerunt.
297 1578 387 1643 Dum
409 1578 450 1644 sd
474 1599 622 1645 carceres
644 1578 806 1644 duxerunt
827 1579 983 1668 quosdam
1004 1580 1093 1647 cives
1109 1604 1185 1648 suos
1206 1581 1424 1666 notabiliores,

139 1705 256 1772 nempe
269 1684 496 1749 Wenceslaum
505 1684 611 1767 Seue,
622 1681 805 1749 Modestum
817 1692 850 1748 et
860 1684 1019 1751 Joannem
1031 1684 1156 1770 Slivlra,
1186 1686 1422 1769 eSuedictum,

140 1797 172 1855 et
193 1790 339 1878 quamvis
358 1790 456 1854 etiam
467 1788 646 1878 Brykcium
662 1773 817 1856 Rebacek
833 1789 996 1856 voluerint
1010 1791 1224 1875 incarcerare,
1249 1791 1308 1858 sed
1320 1793 1421 1858 nescio

139 1915 203 1982 qua
223 1893 351 1960 fortuna
372 1896 431 1959 vix
453 1907 567 1960 manus
591 1900 701 1961 coium
724 1897 828 1962 evasit
858 1903 890 1960 et
922 1894 964 1961 ad
986 1917 1096 1963 arcem
1117 1900 1264 1983 recessit,
1298 1909 1332 1966 et
1354 1923 1420 1967 con·

138 2008 293 2066 vocantes
316 1988 590 2091 communitatem*
608 2002 644 2065 in
674 2001 806 2083 curiam,
839 1987 1053 2067 intendebant
1084 2008 1237 2092 torquere
1268 2003 1420 2075 Joannen

139 2104 264 2188 Slivka,
287 2126 418 2169 causam
442 2113 605 2171 sumentes
628 2104 669 2170 ob
692 2104 850 2192 quaedam
873 2107 1004 2195 scripta,
1027 2108 1225 2196 quasillum
1248 2110 1419 2177 confecisse

139 2208 301 2291 dicebant,
333 2218 365 2274 et
380 2208 528 2298 ‘propter
557 2211 713 2297 quasdam
746 2224 901 2298 personas
921 2212 1004 2297 ‘regi
1032 2213 1229 2300 porrexisse,
1266 2215 1355 2303 quod
1381 2213 1420 2280 illi

139 2312 292 2397 valdein
314 2313 435 2379 malum
457 2313 636 2398 vertebant,
661 2314 848 2404 judicantes
870 2312 960 2380 illum
993 2323 1026 2380 et
1046 2316 1105 2383 hos
1139 2326 1205 2384 tres
1230 2319 1419 2407 suprascrip·

139 2426 284 2482 tuscum
308 2418 457 2484 exulibus
481 2420 753 2509 conspirationem
766 2418 897 2486 ¹habere
928 2420 1090 2509 quandam
1120 2431 1152 2486 et
1185 2423 1419 2490 inclinationem

140 2543 217 2609 erga
244 2522 317 2589 illos
354 2523 550 2611 singularem
579 2524 700 2590 fovere.
738 2523 825 2589 Hinc
856 2545 921 2589 non
953 2523 1165 2591 morabantur
1186 2537 1353 2593 senatores
1382 2524 1416 2591 ad

140 2629 400 2694 communitatem
431 2650 500 2694 rem
531 2629 615 2695 hanc
648 2652 707 2717 per
740 2628 865 2694 Passek
898 2628 1036 2713 deferre,
1069 2629 1225 2714 dicentes,
1260 2631 1348 2719 quod
1377 2631 1416 2696 illi

140 2733 252 2799 exules
273 2733 379 2799 adhuc
400 2735 556 2823 perficere
576 2759 640 2801 non
662 2743 844 2824 potuerunt,
866 2728 984 2823 nempe
999 2736 1058 2802 hos
1084 2736 1275 2822 occidendo,
1297 2737 1358 2804 hoc
1371 2760 1421 2827 per

138 2837 212 2904 illos
233 2848 370 2925 quatuor
392 2862 477 2906 nune
512 2841 642 2906 efficere
663 2841 845 2925 voluerunt,
879 2830 952 2907 cum
981 2841 1046 2907 illis
1073 2841 1374 2929 correspondentes,
1394 2850 1420 2906 et

139 2942 196 3008 ubi
219 2943 387 3032 (dicebant
409 2945 470 3035 illi)
493 2945 580 3034 apud
601 2945 743 3033 aliquam
767 2946 897 3012 domum
919 2954 1019 3011 noctu
1041 2945 1248 3012 funiculus'a
1271 2968 1418 3035 campana

139 3047 285 3136 pendens
307 3050 458 3135 inventus
481 3074 545 3117 non
567 3051 673 3134 fuerit,
697 3050 755 3117 hos
768 3048 879 3116 omnes
901 3050 973 3116 aliis
995 3050 1227 3139 adjuvantibus
1248 3051 1420 3117 interficere

139 3153 318 3221 voluerunt.
354 3155 444 3221 Inter
466 3178 600 3244 quorum
620 3157 812 3222 societatem
834 3158 931 3221 etiam
955 3164 1111 3242 ceperunt
1132 3165 1164 3220 et
1185 3155 1420 3224 incarceramnt

142 3257 222 3322 duas
245 3260 317 3346 pias
341 3269 373 3324 et
395 3260 546 3326 honestes
568 3261 683 3327 viduas
706 3262 804 3344 cives,
829 3283 932 3344 senes,
956 3282 1090 3348 querum
1112 3283 1178 3326 una
1192 3262 1346 3326 Domina
1366 3259 1420 3326 Su·

141 3384 243 3457 sanna
262 3365 460 3448 Frankiana,
494 3367 649 3430 etaltera
672 3365 837 3431 Dorothea
858 3364 1048 3430 Rathauska
1081 3364 1122 3429 de
1144 3363 1307 3430 Tarmarls
1331 3365 1420 3431 nomi·

141 3466 311 3552 nabentur,
335 3466 583 3557 quas'ridicule,
605 3471 806 3554 infantiliter,
837 3470 1019 3552 temerarie,
1048 3471 1167 3558 inepte,
1191 3479 1224 3535 et
1246 3469 1419 3541 inaestima-

139 3571 249 3636 biliter
286 3583 453 3662 suspectas
488 3575 671 3641 babuerunt
703 3574 897 3662 Pragenses,
920 3575 1012 3662 quasi
1037 3565 1107 3658 jam
1130 3582 1255 3640 certum
1289 3574 1331 3641 de
1365 3574 1420 3640 illis

141 3679 270 3758 scirent,
306 3679 391 3766 quod
413 3680 493 3748 illae
523 3680 583 3745 hos
616 3678 775 3745 funiculos
806 3680 865 3767 p‘ro
891 3678 1094 3766 'campanulis
1128 3679 1339 3763 confecerint,
1357 3679 1420 3770 *has

139 3781 339 3869 proditiones
373 3783 529 3871 adjuvare
569 3783 735 3865 volentes,
770 3793 867 3871 atque
902 3772 994 3849 mox*
1012 3790 1143 3870 propter
1178 3783 1265 3849 hanc
1301 3805 1419 3850 causam

138 3884 374 3952 mandaverunt
390 3916 393 3923 ·
407 3887 607 3954 Dorotheum
641 3888 860 3959 Rathauskam
899 3887 1115 3970 incarcerari3
1165 3887 1318 3953 Susanna
1353 3907 1419 3955 vero

138 3989 340 4056 Frankiana'
362 4015 440 4079 prae
473 3993 574 4058 altera
610 3994 809 4077 fortunatior,
847 3992 923 4081 quia
943 3991 1053 4079 plures
1089 3993 1212 4085 amicos
1235 4001 1269 4058 et
1288 3992 1418 4059 fautores

139 4097 173 4160 in
208 4105 321 4162 senatu
352 4097 473 4181 habuit,
508 4120 545 4163 eo
582 4122 647 4165 non
684 4100 831 4181 devenit,
869 4098 955 4184 quod
989 4098 1085 4163 etiam
1117 4097 1363 4164 concionatores
1391 4095 1418 4159 in

137 4199 304 4265 Parochiis
336 4190 631 4290 promulgaverunt.
683 4203 747 4269 Die
768 4203 905 4270 Veneris
939 4205 1037 4288 igitur
1069 4203 1253 4288 Pragensee
1287 4199 1417 4292 torqueri

134 4305 304 4392 jusserunt
316 4305 439 4391 Slivka,
462 4311 699 4396 interrogantes
722 4329 795 4373 eum
818 4307 860 4372 de
882 4307 932 4373 his
957 4306 1053 4372 rebus
1076 4305 1217 4373 anilibus
1241 4319 1274 4372 et
1298 4327 1417 4396 suspec-

140 4407 228 4472 tione
250 4410 349 4494 inani,
384 4421 417 4479 et
438 4412 514 4478 dum
537 4412 592 4479 illa
622 4412 675 4478 die
705 4410 746 4477 ab
767 4412 855 4499 ipso¹>
865 4412 961 4499 juxta
990 4408 1190 4476 voluntatem
1227 4430 1320 4477 suam
1351 4405 1418 4475 nihil

140 4510 262 4577 rescire
291 4525 473 4601 potuerunt,
507 4528 635 4604 praeter
668 4518 758 4599 haec,
798 4537 880 4603 quae
914 4524 988 4579 ante
1025 4514 1201 4579 torsionem
1238 4525 1353 4603 sponte
1386 4515 1418 4579 de

22 4670 25 4675 .
142 4615 270 4703 seriptis
291 4622 579 4706 supplicationibus
601 4625 707 4689 fassus
728 4621 797 4700 fuit,
819 4619 905 4708 quod
925 4620 999 4686 illas
1022 4615 1200 4684 confecerit
1220 4618 1308 4688 bona
1329 4624 1419 4688 inten-

139 4722 228 4789 tione
245 4745 309 4813 pro
332 4724 418 4792 bono
441 4724 583 4815 publico,
605 4735 642 4792 ut
662 4749 722 4794 rex
745 4724 868 4807 eisdem
892 4726 962 4792 sine
984 4723 1139 4789 dilatione
1163 4735 1315 4795 senatum
1336 4746 1419 4794 reno·
