2946 5086
1329 154 1391 225 tat

94 331 241 391 oratores
264 323 300 387 in
320 319 512 387 Bohemiam
527 320 625 402 misit,
657 325 773 406 petens
795 327 828 384 et
848 341 914 385 non
932 319 1033 386 semel
1054 318 1216 387 mandans
1239 323 1390 393 omnibus

97 427 243 510 statibus,
267 435 300 493 et
322 424 451 514 saepius
474 423 606 490 tandem
627 445 751 490 summe
775 422 869 512 (quid
890 432 1020 511 praeter
1041 424 1104 491 hoc
1129 424 1393 512 dolorosiuassse

97 531 215 620 potest)
246 550 306 618 per
327 528 435 595 Deum
467 529 606 617 rogavit,
639 536 676 593 ut
708 526 772 592 sibi
800 527 956 616 populum
993 543 1152 595 armatum
1173 531 1209 596 in
1232 529 1391 625 auxilium

99 637 237 702 mittant
261 633 399 700 Bohemi
419 655 497 700 vero
521 631 661 720 quidam,
684 633 877 720 praesertim
898 632 1048 699 dominus
1075 634 1165 726 Low,
1203 644 1236 702 et
1265 634 1322 702 alii
1338 622 1391 725 ju'·

100 738 185 806 dices
208 749 317 806 terras
347 761 421 805 cum
444 735 682 811 confoederatis
705 758 816 815 eorum
839 745 871 802 et
892 737 1075 825 Pragenses
1108 748 1330 826 provocarunt
1349 738 1393 806 ad

100 846 229 912 comitia
250 843 392 934 publica,
414 842 559 908 volentes
582 842 686 930 primo
708 839 831 908 ibidem
853 841 894 908 de
915 841 967 908 bis
988 865 1097 930 agere.
1136 841 1305 937 Aliiuvero
1327 866 1393 911 non

100 957 325 1038 exspectantes
348 948 489 1030 comitia,
511 968 629 1034 nempe
652 968 764 1013 omncs
786 967 938 1033 proceres
960 956 993 1013 et
1014 949 1138 1035 equites
1178 971 1221 1016 ex
1242 949 1393 1017 distriuu

102 1053 364 1136 Bolealaviensi,
402 1051 550 1140 quamvis
573 1047 786 1138 personaliter,
816 1071 881 1116 non
905 1055 1137 1139 processerint,
1173 1053 1332 1119 auxilinm
1346 1063 1396 1119 ta-

102 1181 177 1225 men
199 1155 346 1223 notabile
367 1157 591 1244 pecuniarium
613 1153 868 1239 contribuerunt,
893 1165 925 1221 et
947 1155 1217 1245 plenipotentiam
1262 1157 1394 1224 domino

99 1260 295 1330 cancellario
332 1260 544 1340 tradiderunt,
567 1262 623 1348 qui
658 1259 817 1346 populum,
837 1261 915 1326 satis
939 1283 1148 1328 numerosum
1170 1265 1393 1355 congregavit,

97 1370 153 1456 qui
175 1388 290 1433 omnes
311 1365 442 1432 insimul
473 1367 657 1453 Pragenses
680 1374 854 1456 sequentes
875 1386 935 1453 per
956 1365 1038 1432 duas
1059 1366 1282 1435 hebdomadas
1319 1389 1392 1456 pro·

97 1483 277 1559 cesserunt,
299 1496 403 1562 usque
426 1470 469 1537 ad
490 1493 583 1538 arces
606 1480 762 1554 vetustas,
784 1468 841 1536 ubi
872 1470 960 1538 mala
980 1472 1112 1539 novalia
1133 1472 1176 1539 de
1197 1494 1276 1560 rege
1297 1471 1391 1541 audi·

99 1591 204 1664 entes,
241 1579 283 1646 de
315 1578 433 1665 quibus
466 1576 553 1643 infra
575 1575 746 1660 scribetur,
768 1577 894 1641 reversi
915 1586 1000 1642 sunt
1042 1577 1206 1645 Dominus
1228 1577 1393 1648 Hauricus

97 1686 139 1752 de
173 1683 368 1770 Rosenberg
395 1685 492 1749 etiam
520 1681 736 1769 personaliter
757 1705 824 1748 non
846 1683 1015 1770 processit,
1039 1681 1097 1749 sed
1132 1682 1221 1749 misit
1248 1685 1298 1750 sui
1319 1684 1392 1751 loco

97 1791 224 1879 aliquot
257 1798 412 1881 centenos
448 1795 597 1852 armatos.
631 1786 803 1877 ¹Dominus
840 1786 985 1853 Jacobus
1016 1809 1095 1852 vero
1130 1788 1390 1857 subcamerarins

99 1919 143 1961 ex
166 1894 333 1963 voluntate
355 1892 444 1980 regis
466 1892 571 1980 primo
594 1891 754 1979 processit
776 1914 851 1958 cum
873 1889 1069 1979 quibusdam
1091 1892 1262 1963 civitatum
1279 1897 1392 1987 copiis,

95 2022 216 2089 nempe
238 1988 483 2080 Zateoeusibus‚
514 1986 753 2082 Launensibus,
790 1993 1051 2078 Oadanensibus,
1073 1997 1303 2085 Pontensibus‚
1328 2003 1389 2069 Ta·

93 2103 303 2173 boriensibus
337 2112 370 2169 et
403 2124 476 2167 cum
503 2102 700 2191 quibusdam
718 2101 843 2168 'adhuc
873 2106 987 2190 paucis
1023 2105 1110 2172 ultra
1129 2105 1270 2191 Eadem,
1295 2109 1393 2195 juxta

96 2210 247 2276 notitiam
258 2217 292 2274 et
300 2207 564 2274 informationem
572 2207 614 2272 ab
630 2206 703 2272 aliis
716 2216 894 2296 acceptam,
907 2207 950 2274 ad
960 2209 1077 2296 viginti
1088 2213 1231 2300 quinque
1241 2211 1394 2277 milliaria

96 2314 138 2389 ad
161 2314 329 2381 civitatem
361 2313 480 2379 Mohac
502 2312 633 2397 dictam,
665 2334 769 2401 prope
792 2315 972 2380 exercitum
993 2315 1178 2381 Turcioum.
1209 2314 1392 2402 Pragenses

95 2441 173 2485 vero
202 2421 366 2486 irrideam
388 2418 471 2501 aliis,
501 2419 557 2506 qui
585 2426 830 2506 processerunt,
863 2420 1012 2507 quamvis
1050 2421 1182 2508 ipsimet
1209 2421 1309 2485 etiam
1330 2418 1391 2486 sub

97 2523 236 2612 quodam
259 2523 368 2591 colore
391 2524 493 2589 secuti
514 2523 644 2600 fisarint,
675 2532 803 2589 etcum
833 2523 899 2589 illis
922 2523 1120 2608 Pilsnenses‚
1152 2523 1391 2610 Beraunenses,

96 2628 282 2713 Slanenses,
305 2628 587 2706 Litomericenses‚
609 2627 836 2712 Melnioenses,
860 2628 1049 2713 Austenses‚
1075 2640 1107 2695 et
1121 2629 1254 2718 quidam
1271 2629 1328 2697 alii
1349 2627 1391 2694 do

95 2731 253 2801 Bohemia
274 2735 447 2802 exiverunt
468 2733 583 2800 decem
604 2731 797 2799 milliaribus
819 2733 905 2800 ultra
925 2732 1064 2818 Budam,
1099 2743 1132 2800 ot
1153 2733 1277 2801 ibidem
1300 2735 1390 2800 stite·

95 2849 178 2924 runt,
202 2847 236 2904 et
258 2837 394 2906 ulterius
415 2860 482 2905 non
502 2841 667 2927 progressi
678 2839 817 2924 fuerunt,
835 2832 1024 2929 judicantes
1047 2839 1111 2906 sibi
1134 2840 1241 2908 adbuc
1262 2848 1390 2928 tempus

97 2945 267 3019 sufficere,
284 2943 456 3030 Progressi
478 2944 565 3007 enim
588 2953 664 3009 sunt
691 2952 807 3032 sponte
836 2946 892 3030 ita,
924 2967 967 3009 ne
990 2966 1028 3011 eo
1050 2946 1221 3033 pervenire
1242 2946 1392 3033 possint3

91 3052 181 3119 viam
204 3049 290 3116 enim
311 3047 460 3136 aggressi
492 3047 547 3113 die
569 3057 683 3137 quarta
704 3058 779 3136 post
803 3047 838 3116 S.
882 3048 998 3116 Jacobi
1020 3048 1151 3135 festum,
1190 3058 1287 3140 prout
1319 3048 1392 3137 aljis

90 3164 206 3223 notum
229 3164 289 3245 est,
322 3153 381 3237 sed
413 3176 495 3242 pura
526 3153 737 3241 negligentia,
771 3163 803 3220 et
834 3152 944 3220 odium
976 3176 1056 3241 erga
1086 3177 1199 3241 regom
1221 3153 1391 3220 dominum

90 3282 189 3328 suum
212 3259 286 3326 illos
307 3259 492 3326 accelerare
514 3256 875 3347 impediebantnempe
887 3258 957 3341 hos,
981 3260 1037 3347 qui
1052 3260 1235 3346 superiores
1248 3257 1389 3336 fuerumt,

88 3388 159 3457 non
182 3385 261 3432 vero
283 3363 370 3448 illos,
393 3364 450 3452 qui
471 3361 634 3430 mandatis
658 3384 769 3429 eorum
792 3362 1065 3452 obsequebantur,
1088 3371 1121 3429 et
1144 3363 1200 3450 qui
1210 3361 1390 3450 capitaneis

90 3471 259 3539 suberant
304 3469 452 3535 Tandem
475 3467 608 3556 quidam
628 3466 796 3535 Johannss
817 3462 982 3534 Pastucha
1003 3467 1109 3534 dictus
1132 3488 1153 3532 a
1174 3465 1278 3533 tribus
1300 3487 1390 3532 coro·

90 3578 145 3642 nia
169 3575 242 3665 (qui
261 3574 300 3639 in
318 3572 416 3639 annis
433 3571 637 3661 juvenilibus
659 3593 737 3638 vere
764 3579 930 3662 pastorem
953 3572 1029 3659 egit,
1065 3580 1097 3638 et
1118 3572 1164 3637 ita
1186 3570 1248 3638 boc
1271 3570 1391 3638 nomen

89 3678 245 3769 obtinuit)
269 3687 302 3745 et
323 3670 454 3744 Blasius
477 3677 519 3743 de
542 3677 646 3766 Teyn,
681 3698 756 3746 cum
776 3678 882 3747 tribus
904 3678 1012 3744 adhue
1034 3674 1224 3744 concivibus
1247 3676 1390 3763 Prageu·¹

90 3785 182 3852 sibus
206 3784 382 3850 constituti,
406 3783 536 3863 filerunt
565 3782 744 3870 capitanei,
780 3792 813 3850 et
846 3783 1024 3850 directores
1050 3803 1148 3871 super
1169 3780 1328 3870 quosdam
1350 3780 1391 3847 dc

90 3887 326 3978 Pragensibns‚
360 3888 394 3953 et
424 3886 559 3954 aliarum
597 3887 765 3954 civitatum
799 3889 902 3977 copiis
936 3897 969 3954 et
1002 3886 1230 3970 servientibus,
1264 3908 1305 3952 ac
1338 3907 1389 3951 su·

89 4017 149 4084 per
186 3997 286 4060 totam
323 3974 564 4082 expeditionem
598 3989 698 4057 illam.
744 3989 811 4073 Qui
858 3990 901 4057 ad
943 3991 1049 4058 locum
1088 3989 1390 4078 supranominatum

91 4099 314 4191 advenientes,
345 4096 396 4162 illi
428 4097 589 4185 capitanei
618 4096 660 4162 ad
689 4118 802 4183 regem
840 4105 874 4162 et
913 4099 983 4186 ejus
1011 4096 1196 4163 exercitum
1232 4115 1390 4183 perrexe-

90 4212 174 4289 runt,
208 4203 432 4291 allocutusque
461 4224 574 4289 regem
603 4201 664 4267 fuit
696 4200 752 4267 ille
784 4201 958 4280 Pastucha,
992 4203 1161 4277 insinuans
1192 4201 1244 4266 his
1265 4198 1390 4302 verbis,

93 4332 127 4375 se
150 4331 224 4375 esse
246 4330 346 4374 unum
368 4306 409 4373 de
443 4306 585 4373 dominis
617 4305 857 4393 Pragensibus,
890 4307 1086 4395 venisseque
1115 4303 1261 4370 cumbis
1285 4304 1388 4392 copiis

91 4415 125 4478 in
144 4412 305 4480 auxilium
320 4412 406 4480 Suae
427 4414 551 4500 Regiae
565 4411 739 4500 Majestati‚
762 4414 949 4478 necessaria
972 4411 1168 4477 sufficientia
1190 4417 1223 4473 et
1244 4407 1388 4475 resalias

93 4523 205 4587 secum
218 4517 393 4603 'adferena
415 4518 697 4605 interrogavitque
728 4515 899 4596 Pastucha,
935 4537 997 4603 quo
1022 4535 1095 4580 cum
1118 4512 1169 4578 his
1192 4513 1295 4602 copiis
1316 4534 1388 4601 pro·

91 4625 209 4710 cedere
226 4622 374 4705 debeat?
397 4621 470 4689 Rex
481 4621 564 4688 haec
574 4620 710 4688 audiens
731 4610 951 4686 airaustuit
973 4618 1059 4685 hano
1081 4618 1317 4708 quaestionem,
1338 4625 1387 4682 nt

89 4739 166 4819 pote
195 4726 371 4797 ridiculam
399 4712 597 4816 ,otomnino
630 4724 774 4806 stultam,
806 4722 1050 4816 responditque,
1085 4721 1162 4791 illos
1184 4721 1389 4807 bercscire,
