2946 5086
95 141 158 213 ΙΝ

90 310 214 409 aliquid
234 309 299 377 tale
320 306 452 395 audivit
495 305 645 373 Secundo
665 306 721 373 lex
743 309 856 375 divina
884 318 974 375 vetat
995 307 1092 373 talem
1115 309 1382 392 revocationem

91 443 166 490 cnm
186 416 261 484 talis
283 413 447 481 revocatio
469 411 512 475 sit
533 433 628 493 vana,
650 411 742 495 falsa,
765 413 978 501 hypocritica,
1014 420 1047 477 et
1067 411 1103 491 in
1123 411 1244 478 malam
1267 413 1390 479 famam

91 522 273 604 deducens3
296 517 389 605 quasi
410 538 477 583 non
498 514 669 599 sufficeret,
691 515 779 601 quod
788 514 937 583 Christus
958 518 1001 584 ad
1023 503 1264 605 reparationem
1286 514 1390 583 bomi-

89 629 142 695 nis
162 623 342 715 peccatoris
365 628 397 686 et
417 620 658 685 revocationem
694 619 737 685 ad
757 620 856 687 fidem
879 633 910 687 et
932 618 1165 710 poenitentiam
1200 645 1260 711 per
1295 644 1389 688 suum

88 753 210 801 novum
231 732 459 797 testamentum
481 734 514 789 et
534 725 640 811 legem
655 727 741 791 viam
756 726 913 794 omnibus.
920 728 1173 815 praeparaverit,
1196 727 1253 794 ubi
1277 737 1388 793 tamen

86 838 142 926 jus
165 833 261 903 civile
284 841 317 899 et
338 831 530 901 canonicum
552 829 642 912 dicit,
680 830 767 915 quod
796 830 887 895 illum
919 831 1083 897 hominem
1105 839 1231 897 tantum
1252 831 1297 898 ad
1320 855 1389 899 cor·

89 940 268 1008 rectionem
289 945 321 1002 et
342 936 582 1002 revocationem
604 933 793 1022 adjudicare
816 945 973 1023 oporteat,
1008 938 1064 1024 qui
1085 958 1185 1001 causa
1220 945 1307 1003 esset
1330 960 1388 1003 cu·

85 1043 219 1131 joadam
240 1051 330 1109 actus
352 1041 407 1107 vel
431 1041 589 1106 sermonis
612 1039 760 1117 indebiti,
786 1040 873 1128 quod
894 1062 1011 1128 nempe
1034 1040 1075 1107 ob
1098 1041 1164 1107 tale
1185 1040 1388 1126 scandalum,

91 1147 178 1240 quod
199 1150 284 1215 inter
305 1146 453 1212 homines
475 1143 614 1226 induxit,
633 1143 722 1228 juste
744 1144 883 1233 probare
906 1153 1062 1228 teneatur,
1099 1154 1156 1210 aut
1176 1144 1290 1211 verbis
1314 1168 1385 1211 cor·

89 1257 197 1343 rigere
228 1251 282 1320 vel
313 1273 478 1334 revocare,
512 1249 635 1331 dicens,
670 1272 705 1314 se
738 1249 824 1315 male
858 1251 975 1337 egisse,
1012 1257 1045 1315 et
1066 1260 1133 1316 tum
1163 1251 1238 1338 jam
1256 1251 1334 1337 jure
1357 1261 1387 1315 et

85 1360 175 1447 justo
192 1356 318 1446 judicio
340 1358 446 1422 victus
468 1355 561 1437 foret,
585 1365 616 1420 et
637 1354 851 1443 adjudicatus.
896 1354 1064 1420 Assimilct
1080 1357 1161 1442 jam,
1194 1356 1250 1443 qui
1276 1355 1385 1420 volue-

88 1464 141 1549 rit,
163 1484 263 1531 unum
285 1460 395 1545 alteri3
426 1458 474 1524 ibi
498 1460 593 1542 enim,
625 1480 743 1548 nempe
765 1461 799 1525 in
822 1461 926 1548 primo
950 1483 1036 1543 casu,
1061 1461 1131 1551 sine
1154 1483 1234 1527 vera
1259 1460 1385 1528 delibe-

89 1568 214 1635 ratione
246 1575 279 1632 et
297 1563 518 1633 insinuatione
552 1562 681 1631 debitae
711 1573 744 1629 et
759 1566 869 1651 justae
891 1586 1020 1645 causae,
1054 1562 1132 1651 quid
1161 1563 1217 1631 vel
1239 1587 1300 1631 cur
1331 1565 1383 1630 ali-

88 1672 160 1763 quis
182 1692 339 1739 revocare
382 1668 436 1736 vel
460 1667 635 1734 emendare
657 1668 785 1751 debeat,
820 1670 914 1739 multi
934 1669 995 1734 soli
1029 1669 1159 1735 mentiri
1182 1669 1381 1751 debuerunt;

87 1776 142 1845 bic
172 1797 251 1843 vero
281 1783 355 1863 post
388 1771 653 1860 dijudicationem
687 1775 792 1860 primo
841 1785 969 1861 etpost
1006 1794 1121 1839 causas
1143 1772 1379 1862 perjudicium

88 1879 221 1949 cuilibet
231 1879 414 1966 assignatas
431 1877 649 1943 correctiones
669 1877 855 1945 bominibus
879 1881 1095 1966 imponuntur.
1112 1872 1114 1877 ’
1139 1877 1286 1963 Ideoque
1307 1878 1381 1943 tales

87 1984 311 2055 revocationes
332 1984 474 2070 injustae
497 2005 580 2072 quae
603 1992 687 2067 sunt,
712 1985 803 2049 utin
827 1983 975 2050 ecelesiis
997 1983 1087 2066 fiant,
1113 1983 1257 2047 inaniter
1280 2007 1300 2047 a
1320 2004 1381 2047 ma·

87 2092 189 2178 gistro
211 2089 339 2155 Joanne
363 2087 563 2176 Rokycuano
596 2089 690 2154 fictae
732 2098 764 2159 et
785 2090 997 2174 excogitatae,
1035 2097 1067 2152 et
1087 2109 1109 2151 a
1130 2086 1289 2152 moderno
1312 2108 1381 2151 con-

88 2194 217 2262 sistorio
246 2192 401 2259 audacter
436 2201 606 2280 susceptae
619 2203 712 2276 sunt,
747 2216 830 2279 quae
853 2192 934 2258 baec
966 2196 1000 2257 in
1023 2215 1058 2258 se
1080 2189 1263 2275 includunt,
1301 2175 1404 2278 quod¹

88 2298 133 2366 ad
154 2321 194 2365 ea
215 2297 364 2365 homines
398 2300 502 2365 coacti
524 2297 653 2380 fuerint,
686 2306 723 2363 ut
745 2306 954 2364 contemnant
981 2296 1186 2379 sacerdotem
1209 2294 1382 2359 Martinum

89 2424 133 2475 ex
152 2401 345 2470 Bethlehem
370 2401 482 2490 (quem
516 2412 631 2489 postea
658 2403 730 2491 jam
764 2411 888 2468 tantum
909 2401 1074 2467 Martinek
1107 2399 1330 2488 nominarunt)
1353 2407 1382 2463 et

87 2506 235 2597 ejusdem
257 2506 391 2588 clerum,
424 2516 461 2573 ut
481 2505 555 2572 illos
572 2507 725 2594 judicent
759 2516 792 2573 et
825 2515 1003 2594 agnoscant
1025 2529 1085 2594 pro
1113 2502 1269 2588 erroneis,
1292 2504 1381 2570 Pick·

86 2612 188 2681 hartis
221 2621 254 2679 et
275 2611 457 2694 haereticis,
492 2612 586 2698 quasi
621 2610 703 2676 false
724 2611 880 2691 docerent
911 2621 1024 2678 contra
1050 2610 1151 2677 fidem
1175 2609 1381 2677 christianam

90 2719 161 2787 sine
190 2718 278 2782 omni
300 2715 498 2803 probatione.
543 2714 733 2799 Considera,
756 2716 852 2805 quale
874 2717 935 2783 hoc
954 2717 1115 2804 judicium
1138 2737 1211 2781 esse
1235 2714 1380 2782 debuerit

89 2821 132 2890 ab
156 2820 222 2889 illis
244 2819 439 2902 hominibus,
479 2822 534 2908 qui
556 2842 612 2887 eos
635 2825 863 2889 concionantes
885 2818 1088 2904 audiverunt,
1127 2820 1192 2886 iliis
1214 2843 1297 2887 vero
1317 2843 1378 2886 non

90 2921 296 3013 competebat
323 2920 491 3011 judicare,
523 2924 580 2990 sed
609 2925 777 3012 judicibus
810 2927 853 2992 ad
890 2925 972 2992 haec
994 2914 1195 3011 constitutis3
1229 2925 1274 2991 ad
1307 2925 1381 2991 haec

90 3050 238 3099 cumnec
254 3025 395 3115 judices,
417 3027 559 3094 necallii
577 3029 677 3094 ullum
694 3030 909 3097 condemnare
932 3031 1098 3114 deberent,
1121 3030 1382 3118 sinepraesentia

89 3133 191 3223 partis
212 3131 344 3199 alterius
379 3140 411 3198 et
433 3133 504 3197 sine
527 3135 749 3222 exauditione3
773 3136 827 3202 hic
848 3157 926 3203 vcro
948 3137 993 3202 ita
1003 3135 1124 3202 factum
1138 3145 1197 3221 est,
1221 3133 1310 3226 quod
1327 3156 1380 3201 nec

89 3258 247 3328 personae
262 3245 318 3303 aut
338 3260 415 3326 pars
438 3241 599 3305 contraria
609 3263 764 3327 praesens
785 3242 891 3321 fuerit,
911 3265 1017 3330 neque
1029 3242 1132 3309 auditi
1149 3243 1242 3328 prius
1257 3242 1378 3319 fuerint,

90 3364 128 3411 eo
149 3343 256 3411 minim
278 3343 375 3409 etiam
398 3341 500 3410 debiti
521 3352 619 3410 testes
642 3346 823 3431 adfuerunt,
847 3347 905 3414 sed
927 3350 983 3436 qui
1004 3347 1150 3435 illospro
1173 3349 1319 3415 erroneis
1332 3352 1379 3412 aut

80 3445 261 3514 'haereticis
278 3444 321 3536 (si
335 3445 418 3513 tales
433 3470 510 3513 vere
525 3448 667 3538 fuerunt)
674 3451 1028 3538 judicaredebuerunt,
1051 3450 1188 3519 subdole
1203 3451 1286 3519 illud
1300 3449 1379 3539 plebi

33 3591 36 3595 ⁴
90 3558 145 3621 aut
157 3552 609 3637 communitatitradiderunt,
632 3564 669 3621 ut
688 3554 738 3640 ilii
758 3559 793 3622 in
808 3557 946 3624 ecclesia
959 3579 1013 3623 eos
1027 3557 1228 3646 adjudicent,
1252 3575 1378 3646 quorum

90 3654 192 3747 aliqui
206 3678 268 3722 nec
290 3658 435 3725 notitiam
458 3657 558 3735 ullam
573 3659 764 3744 habuerunt,
787 3646 864 3750 quid
886 3667 1010 3729 rectum
1032 3670 1087 3730 aut
1098 3664 1258 3750 injustum
1281 3664 1331 3747 sit,
1352 3669 1377 3726 ct

91 3762 121 3829 si
132 3760 188 3853 qui
201 3762 350 3829 notitiam
361 3762 522 3853 quandam
533 3765 766 3852 possederunt,
780 3777 857 3833 tuno
866 3770 901 3834 in
916 3777 990 3834 actu
1005 3777 1072 3833 tam
1087 3765 1257 3834 subitaneo
1270 3765 1378 3834 turbati

89 3865 235 3946 fuerunt,
266 3875 302 3933 ut
330 3890 409 3956 prae
439 3878 560 3936 terrore
591 3869 732 3937 colorem
760 3872 870 3939 album
907 3856 1149 3939 nominaverint
1175 3873 1322 3951 rubrum,
1353 3875 1378 3934 et

72 3968 222 4039 rubrum
244 3970 365 4039 album.
388 3973 545 4041 Attendat
567 3977 675 4064 quivis
698 3979 797 4043 etiarn
824 3979 899 4044 huic
922 3979 1020 4044 casui.
1043 3978 1130 4043 Dum
1152 3974 1379 4068 inpraesentia

91 4077 180 4163 regis
201 4076 236 4142 in
258 4098 334 4145 arce
356 4076 517 4167 Pragcnsi
546 4080 781 4169 aquibusdam
803 4083 954 4171 parochis
991 4090 1164 4148 accusatus
1200 4081 1318 4149 tirisset
1338 4103 1378 4148 sa

92 4176 208 4245 cerdcs
224 4178 385 4249 Martinus
422 4206 496 4251 cum
531 4184 630 4251 clero·
653 4209 711 4253 suc
733 4189 767 4252 in
790 4188 939 4253 absentia
961 4210 1020 4252 sua
1054 4206 1139 4253 anno
1171 4186 1268 4271 1522,
1305 4183 1380 4277 quod

91 4307 216 4361 errores
249 4296 284 4355 et
311 4289 463 4356 haereses
497 4288 617 4377 populo
651 4291 819 4377 praedicet
856 4300 935 4377 etc.;
971 4299 1048 4356 tunc
1069 4288 1156 4377 apud
1186 4313 1302 4378 regem
1332 4287 1380 4355 ille

91 4386 251 4460 Martinus
272 4392 425 4461 sacerdos
448 4414 522 4459 cum
544 4391 631 4459 clero
655 4416 713 4461 suo
743 4418 779 4461 se
807 4396 1002 4478 insinuavit,
1035 4402 1071 4460 ut
1101 4415 1176 4459 cum
1205 4404 1300 4484 parte
1320 4384 1379 4461 iilis

90 4490 230 4562 adversa
251 4494 313 4563 hac
334 4498 368 4564 in
392 4518 490 4563 causa
513 4495 696 4585 audiantur,
719 4509 844 4586 petens,
866 4510 903 4567 ut
924 4499 989 4565 illis
1011 4497 1184 4586 probetur,
1208 4502 1244 4567 in
1269 4499 1380 4590 quibus

92 4606 160 4695 aut·
180 4599 341 4693 quomodo
371 4599 559 4685 erraverint,
594 4610 627 4668 et
659 4604 687 4669 si
714 4603 759 4668 ita
779 4605 949 4672 inventum
983 4616 1039 4673 aut
1069 4606 1245 4694 probatum
1279 4605 1381 4686 fuerit,

91 4698 178 4793 quod
200 4701 350 4781 lubentes
382 4705 555 4773 emendare
589 4716 622 4772 et
650 4709 812 4794 corrigere
845 4710 955 4777 veiint
999 4711 1074 4779 Non
1094 4721 1274 4801 potnerunt
1305 4706 1384 4777 iilud
