2946 5086
612 388 759 458 cAPUT
781 392 834 460 28.

77 576 139 637 Ubi
161 575 269 651 agitur,
291 573 439 648 quomodo
460 573 517 631 bae
538 577 663 646 quatuor
684 590 828 648 personae
849 572 888 631 ad
911 578 1046 630 senatum
1068 570 1176 630 Novae
1197 569 1277 629 urbis
1295 570 1368 627 Pra-

76 662 181 740 genais
204 660 332 739 ingressi
353 659 470 733 fuerint,
500 660 615 734 qualem
638 675 803 719 sermonem
824 657 1040 737 proposuerint,
1072 666 1101 715 et
1123 657 1210 731 quasi
1233 677 1252 715 a
1271 655 1372 715 Pilato

76 751 115 808 ad
141 748 294 808 Herodem
317 755 346 804 et
367 748 405 805 ab
429 747 548 806 Herode
577 745 615 802 ad
637 745 771 805 Pilatum
792 747 885 820 missi,
919 753 949 803 et
971 747 1007 804 ab
1030 738 1076 804 his
1109 745 1205 804 denuo
1231 743 1292 803 illis
1315 751 1375 800 tra·

76 837 133 895 diti
156 831 277 894 fuerint.
321 834 456 892 Tandem
480 830 646 908 quaestioni
668 834 832 911 subjicitur,
856 832 990 908 quisnam
1013 830 1134 909 dignior
1154 832 1243 889 lande
1265 829 1313 913 sit,
1336 849 1374 887 an

74 924 140 999 ille,
164 922 216 998 qui
236 921 315 982 torte
330 929 388 981 'ant
408 920 564 982 homicidia
593 918 760 996 committit,
797 941 833 980 an
863 939 935 982 vero
956 920 1018 995 ille,
1055 918 1107 994 qui
1135 919 1226 995 juste,
1264 915 1313 996 pie
1347 923 1377 974 et

576 1005 703 1083 pacifice
724 1028 757 1068 se
778 1007 878 1087 gerit?

168 1158 317 1225 Tandem
340 1154 394 1223 die
416 1156 540 1238 Martis,
577 1164 691 1246 quarta
711 1180 831 1247 nempe
860 1158 913 1224 die
942 1165 1017 1247 post
1037 1156 1156 1245 festum
1178 1152 1372 1221 Sanctorum

79 1264 230 1353 Philippi
253 1272 285 1328 et
305 1260 421 1328 Jacobi
444 1262 487 1350 (4.
498 1261 592 1352 Maj.)
615 1264 678 1331 hae
700 1272 836 1353 quatuor
854 1259 1244 1351 personaeascenderunt
1264 1259 1299 1323 in
1320 1279 1372 1323 cu·

77 1371 163 1436 riam
182 1376 214 1434 et
229 1375 375 1434 senatum
388 1365 666 1453 Neo-Urbensem,
689 1369 819 1457 illisque
830 1366 932 1435 multa
946 1373 1195 1456 proposuerunt,
1217 1370 1377 1451 petentes,

77 1483 115 1540 ut
138 1472 275 1539 satisfiat
298 1480 364 1537 tam
386 1468 545 1538 voluntati
566 1473 687 1559 regiae,
710 1496 807 1561 quam
818 1472 1046 1539 intercessioni
1065 1469 1270 1537 dominorum
1291 1488 1377 1531 com-

78 1577 303 1644 missariorum
321 1574 484 1663 regiorum
501 1597 560 1663 per
576 1566 830 1644 transactionem
845 1576 1063 1658 amicabilem,
1085 1574 1275 1663 praesertim
1291 1570 1375 1652 ideo,

78 1682 158 1772 quia
181 1681 395 1747 communitas
416 1677 482 1745 illis
505 1689 699 1769 potestatem
722 1681 867 1761 tradidit,
893 1690 930 1747 nt
951 1681 993 1748 de
1015 1680 1233 1747 transactione
1255 1677 1377 1743 amica-

76 1786 141 1852 bili
164 1795 265 1873 agant
285 1805 358 1851 cum
382 1783 543 1875 omnibus,
577 1788 632 1875 qui
655 1787 819 1854 voluerint
849 1808 923 1854 cum
958 1785 1024 1851 illis
1053 1786 1138 1851 inire
1160 1780 1377 1850 concordiam.

78 1890 135 1957 Ad
157 1890 240 1955 haec
263 1888 374 1958 datum
388 1890 449 1957 fuit
469 1890 536 1958 illis
547 1913 750 1980 responsum,
773 1890 869 1980 quod,
895 1892 1044 1981 quamvis
1066 1889 1281 1956 communitas
1293 1887 1379 1957 hanc

78 1993 147 2058 illis
171 2001 364 2081 potestatem
406 1994 586 2081 tradiderit,
618 1996 683 2061 sint
710 2004 819 2062 tomen
850 1995 970 2063 adhuc¹
989 1995 1078 2082 prius
1105 1981 1202 2083 hujus
1229 1992 1379 2057 intentio·

78 2098 142 2181 nis,
166 2096 316 2163 mittendi
348 2121 469 2187 nempe
492 2101 563 2166 sine
599 2121 691 2166 mora
722 2098 764 2165 ad
785 2098 1108 2186 Vetere-,Pragenses
1145 2096 1303 2186 quosdam
1336 2094 1378 2160 de

81 2198 191 2267 medio
215 2223 282 2278 suo,
308 2209 435 2268 etcum
458 2202 582 2270 eisdem
603 2204 655 2270 his
678 2202 720 2269 de
742 2202 841 2269 rebus
863 2202 1008 2291 perfecte
1031 2200 1239 2285 decernendi,
1270 2199 1379 2265 maxi·

80 2327 134 2371 me
159 2303 201 2371 ob
224 2304 313 2371 hanc
335 2329 476 2387 oausam,
509 2329 551 2373 ne
585 2307 668 2374 forte
689 2307 849 2393 quaedam
870 2294 1031 2398 personae
1061 2306 1232 2374 demedio
1255 2327 1313 2372 suo
1336 2301 1379 2370 ab

87 2409 153 2475 illis
177 2416 364 2498 arguantur,
399 2411 491 2499 quasi
514 2409 673 2499 quaedam
696 2419 807 2479 contra
830 2412 1033 2479 honestatem
1063 2434 1155 2478 suam
1177 2415 1323 2497 agerent,
1347 2413 1380 2471 et

84 2522 199 2581 contra
232 2513 347 2581 foedus
380 2515 577 2581 unanimiter
606 2516 733 2599 initum,
768 2516 796 2582 si
826 2515 895 2581 sine
931 2516 1076 2605 ipsorum
1108 2535 1272 2581 consensu
1305 2532 1379 2581 cum

86 2616 239 2683 exulibus
269 2618 521 2684 transactionem
550 2618 679 2683 inirent.
722 2616 787 2683 Hic
820 2619 936 2685 iterum
969 2619 1044 2686 finis
1067 2604 1223 2687 sermonis
1246 2616 1317 2701 fuit,
1348 2626 1381 2683 et

86 2722 251 2813 apparuit,
282 2720 368 2810 quod
389 2720 471 2786 nihil
505 2743 548 2787 ex
568 2720 631 2788 bac
659 2723 867 2790 revocatione
898 2724 940 2790 ad
961 2725 1283 2813 Vetere-Pragenses
1305 2724 1379 2809 fiet3

83 2846 159 2894 narn
192 2825 353 2916 quomode
383 2834 478 2892 antea
498 2825 814 2915 Vetere-Pragenses
844 2831 878 2895 in
900 2828 951 2896 his
974 2832 1111 2917 egerint,
1140 2832 1211 2918 jam
1232 2827 1379 2918 praedic-

82 2937 150 3000 tum
185 2938 244 2997 est.
268 2928 351 2996 Inde
373 2929 455 2996 haec
477 2932 561 2997 actio
584 2934 699 2998 iterum
722 2933 900 3000 annihilata
921 2934 982 3003 fuit
1003 2944 1115 3003 contra
1137 2935 1381 3001 certambumn-

84 3059 168 3105 nam
191 3058 292 3123 spem,
314 3036 424 3102 nescio
446 3058 507 3125 per
522 3036 650 3125 qualem
672 3038 757 3103 initii
773 3040 1016 3128 corruptionem
1026 3043 1061 3107 in
1076 3042 1255 3107 intentione
1266 3039 1381 3105 horum

85 3141 213 3227 magis,
236 3162 332 3228 quam
352 3139 549 3228 reliquorum
573 3140 615 3206 ad
636 3140 757 3207 bonum
780 3165 950 3232 propensa.
993 3143 1184 3211 Intellectus
1216 3165 1295 3210 vero
1317 3143 1380 3208 hu·

79 3267 209 3313 manus
232 3244 341 3309 omnia
362 3244 532 3334 percipere
553 3252 675 3335 potest3
698 3268 759 3333 ege
783 3248 869 3315 enim
891 3269 969 3315 vero
991 3246 1071 3313 illud
1087 3271 1145 3336 pro
1167 3269 1247 3314 vera
1267 3245 1382 3333 regula

74 3373 177 3440 gero,
201 3348 289 3436 quod
310 3371 471 3415 venenum
494 3371 559 3414 non
580 3358 659 3434 agat
679 3350 713 3415 in
743 3372 779 3415 se
801 3350 915 3439 ipsum.
957 3351 1031 3418 Hoc
1052 3375 1129 3419 vero
1151 3352 1258 3437 magis
1280 3371 1381 3439 penes

74 3452 427 3542 antiquo-Urbanas,
450 3475 546 3540 quam
567 3454 834 3541 Neo-Pragenses
863 3454 1086 3544 reperiebatur
1117 3478 1177 3544 per
1198 3455 1269 3539 hoc,
1294 3452 1381 3541 quod

74 3561 151 3647 jam
174 3579 197 3622 a
218 3557 323 3644 longis
346 3557 543 3645 temporibus
563 3558 657 3625 Nova
687 3559 802 3625 civitas
824 3559 865 3626 ab
888 3559 1032 3649 Antiqua
1055 3562 1286 3627 sententiarum
1308 3580 1380 3646 pro·

74 3662 294 3732 vocationem
317 3663 492 3751 sumpserit
513 3670 572 3728 etc.
617 3662 682 3744 Qui
703 3664 905 3730 intellectum
934 3664 1031 3731 babet
1059 3664 1101 3731 ad
1123 3662 1383 3750 intelligendum,

74 3764 271 3851 intelligatl
316 3764 420 3831 Simul
442 3767 538 3831 etiam
562 3766 639 3831 sciri
661 3765 769 3845 debet,
799 3776 835 3835 ut
857 3769 1111 3857 suprascriptum
1132 3769 1202 3853 fuit,
1226 3764 1383 3857 quodsi-

81 3880 144 3939 cut
164 3869 245 3935 illae
267 3878 404 3958 quatuor
423 3891 583 3957 personae
611 3870 645 3934 in
667 3870 758 3936 curia
781 3879 813 3937 et
845 3872 908 3938 bac
929 3874 1160 3939 communitate
1183 3894 1227 3939 se·
1240 3871 1383 3936 insinua·

80 3981 217 4057 verunt,
251 3971 338 4062 quod
371 3971 504 4059 cuilibet
532 3971 574 4038 de
607 3973 756 4040 omnibus
790 3976 978 4044 satisfacere
1007 3977 1139 4062 vellent,
1174 3977 1229 4065 qui
1261 3973 1384 4064 aliquid

82 4085 280 4171 opponeret,
301 4076 409 4171 nullus
425 4094 509 4146 ‚vero
533 4099 568 4143 se
597 4077 821 4145 insinuaverit.
864 4081 975 4148 Etiam
1002 4081 1065 4148 hoc
1086 4082 1184 4149 modo
1200 4089 1282 4170 -ante
1303 4079 1385 4146 haec

85 4181 286 4274 quibusdam
298 4179 587 4248 Neo-Urbensibus
610 4181 737 4248 civibus
752 4182 873 4251 factum
895 4185 1002 4266 fuerit,
1025 4187 1102 4253 dum
1111 4187 1225 4255 Gallus
1237 4183 1386 4252 Oaabera

86 4289 332 4363 administrator
365 4285 554 4351 adhortatus
590 4285 664 4353 illos
697 4286 759 4353 fuit
789 4287 833 4354 ad
863 4291 1095 4358 correctionem
1130 4289 1384 4358 ecclesiasticam

91 4393 190 4460 modo
210 4392 323 4480 priori,
345 4388 395 4456 illi
416 4413 495 4457 vero
518 4413 554 4457 se
576 4401 796 4479 opposuerunt
817 4405 1010 4462 revocantes
1033 4420 1069 4463 se
1091 4395 1134 4461 ad
1151 4398 1238 4485 jura,
1262 4396 1290 4459 si
1313 4395 1385 4482 quis

92 4498 165 4567 illos
188 4498 224 4562 in
253 4518 289 4562 re
323 4494 462 4589 quadam
492 4495 624 4586 culpare
652 4495 761 4580 vellet,
797 4497 913 4585 quibus
947 4500 1054 4567 eidem
1075 4501 1175 4581 factis
1191 4499 1385 4575 resistentiis

94 4601 133 4668 ab
155 4600 214 4667 illo
244 4598 363 4695 auditis
394 4599 501 4664 omnia
530 4599 658 4666 silentio
690 4603 857 4689 praeteriit
890 4626 965 4671 cum
993 4606 1143 4687 omnibus
1177 4607 1274 4673 sociis
1307 4605 1384 4689 suis,

97 4704 170 4771 dum
201 4726 321 4793 nempe
358 4723 424 4768 non
458 4704 563 4793 potuit
596 4707 780 4794 quempiam
804 4707 896 4796 juste
919 4708 1078 4798 ‚culpare3
1110 4712 1188 4779 laici
1217 4712 1325 4800 itaque
1354 4720 1387 4778 et

99 4807 206 4878 clerici
228 4808 312 4877 illud
335 4810 370 4877 in
386 4810 428 4877 'se
451 4808 539 4875 clere
553 4807 826 4897 demonstrarunt,
850 4812 936 4902 quod
952 4815 1037 4884 sicut
1057 4817 1157 4906 prius,
1179 4818 1226 4884 ita
1248 4826 1281 4884 et
1301 4839 1387 4885 nunc

1128 4919 1193 4989 Ἦ*
