2946 5086
1297 164 1360 236 loc

76 334 216 403 civitatis
252 333 338 403 furto
369 333 507 420 ablatae,
545 354 641 424 quam
675 332 808 425 quidam
842 335 990 403 homines
1023 337 1172 424 perversi
1210 337 1366 404 exauria

76 439 286 526 rbstuleruut,
321 440 377 529 qui
399 441 491 525 civis,
515 443 663 530 quamvis
685 465 705 509 a
726 443 828 509 variis
851 443 964 508 amicis
986 439 1170 509 admonitus
1191 441 1305 523 fuerit,
1327 465 1370 510 ne

75 545 191 613 urbem
224 547 334 629 intret,
364 543 499 612 obedire
534 545 648 632 uoluit,
683 545 806 631 dicens,
831 568 866 612 se
887 548 1096 613 innocentem
1120 570 1203 632 esse,
1228 557 1371 616 attamen

75 651 217 718 ntravit.
262 648 410 716 Tandem
434 649 504 716 sine
527 673 620 716 mora
640 650 922 740 apprehendentes
944 651 1037 717 illum
1071 652 1161 718 cives
1183 653 1370 720 carceribus

75 777 147 822 eum
167 754 382 835 incluserunt,
406 762 439 820 st
461 756 532 821 sine
555 758 643 822 omui
665 755 776 822 debito
800 757 951 822 examine
973 755 1064 822 illurn
1093 758 1169 846 jure
1192 758 1282 823 civili
1303 758 1368 846 pri·

75 869 200 944 rantes,
223 859 369 927 carnifici
401 858 442 926 ad
476 859 690 949 torquendum
714 860 924 945 tradiderunt,
963 861 1076 948 quiin
1113 861 1299 928 carceribus
1339 871 1372 928 et

75 965 205 1056 publice
237 966 283 1032 ita
313 972 414 1031 tortus
447 964 516 1050 fuit,
541 964 627 1054 quod
650 973 753 1032 morte
775 965 865 1033 obire
899 962 1057 1044 debuerit,
1079 965 1162 1031 nihil
1184 975 1293 1032 tamen
1328 965 1371 1033 ab

75 1071 131 1137 illo
153 1070 278 1137 rescire
298 1077 479 1158 potuerunt
523 1069 602 1136 Post
633 1069 757 1159 aliquot
792 1070 923 1136 tandem
958 1092 1059 1136 annos
1092 1072 1197 1158 primo
1227 1073 1372 1138 rescive-

75 1185 154 1243 runt
188 1175 238 1259 de
252 1175 316 1241 alio
340 1175 396 1240 tali
428 1173 645 1243 malefactore.
691 1176 776 1258 erid
808 1178 924 1242 iterum
947 1175 1068 1264 profuit
1089 1175 1164 1260 illis,
1189 1176 1243 1265 qui
1264 1177 1371 1263 Praga

74 1302 142 1347 uon
172 1280 356 1363 exiverunt,
387 1276 444 1344 sed
477 1288 552 1366 post
574 1278 661 1346 huuc
684 1279 854 1346 tumultum
876 1279 982 1345 adhuc
1005 1302 1069 1345 uuo
1092 1302 1175 1346 anno
1216 1290 1247 1345 et
1269 1279 1370 1367 aliqui

75 1384 195 1451 diutius
219 1384 346 1471 Pragae
368 1392 614 1469 remanserunt;
638 1387 765 1474 experti
788 1393 863 1450 sunt
892 1407 1010 1474 nempe
1034 1385 1258 1475 expulsionem
1290 1405 1369 1448 cou-

75 1482 303 1579 temptuosam,
341 1488 473 1577 quidam
499 1511 658 1574 carceres,
696 1489 828 1578 quidam
851 1490 948 1555 etiam
970 1498 1119 1574 torturas,
1144 1491 1227 1556 sicut
1247 1488 1369 1554 factum
1416 1487 1419 1493 ’

76 1602 124 1661 ost
159 1593 305 1660 Mathiae
335 1592 518 1680 Htebenat,
540 1576 659 1661 Joanni
680 1594 803 1679 Bonut,
835 1594 955 1661 Joanni
986 1593 1133 1661 Kaleneo
1145 1645 1155 1679 ,
1178 1594 1253 1661 Vito
1277 1575 1371 1660 Sacc

80 1707 110 1764 et
128 1699 214 1784 aliis,
238 1701 336 1765 etiarn
358 1700 428 1765 sine
452 1722 549 1766 causa
566 1703 664 1790 justa.
710 1698 798 1780 Quid
820 1699 949 1765 demum
974 1709 1125 1788 expertus
1147 1698 1207 1764 fuit
1228 1698 1372 1765 Joaunes

83 1800 220 1888 Sliwlra,
244 1803 285 1869 de
308 1824 371 1891 quo
391 1803 486 1893 plura
506 1807 541 1869 in
564 1804 646 1871 libro
659 1812 772 1892 quarto
794 1812 918 1889 agetur,
943 1804 998 1892 qui
1022 1804 1118 1869 etiam
1142 1803 1230 1869 nullo
1244 1803 1369 1893 (modo)

86 1906 250 1975 discedere
295 1908 413 1987 voluit,
443 1909 575 1975 tandem
610 1908 753 1992 factum,
794 1908 881 1996 quod
918 1909 1024 1973 eidam
1057 1908 1159 1974 latera
1195 1909 1368 1974 immiseri-

87 2014 221 2080 corditer
252 2015 446 2092 exusserint,
479 2036 557 2080 mox
591 2013 698 2080 eidem
720 2014 818 2080 etiam
841 2013 1044 2079 sacerdotem
1066 2014 1301 2080 confessarium
1335 2014 1371 2078 in

85 2122 200 2187 curiam
234 2121 384 2186 miserint
417 2141 477 2207 pro
500 2120 733 2208 dispositione·;
756 2142 832 2184 nam
854 2141 966 2184 rumor
999 2128 1130 2185 exortus
1161 2119 1275 2204 fuerat,
1300 2140 1374 2184 eum

83 2220 171 2294 brevi
207 2226 313 2313 capite
347 2225 447 2312 plecti
483 2224 614 2309 debere,
646 2224 733 2313 quod
768 2226 865 2290 etiam
886 2225 1006 2289 factum
1039 2224 1164 2308 fuisset,
1189 2227 1217 2290 si
1242 2225 1374 2312 quidam

81 2331 243 2400 notabiles
265 2332 360 2396 amici
383 2339 415 2397 et
436 2331 519 2418 regii
540 2330 695 2396 officiales
725 2329 806 2395 illud
828 2352 894 2394 non
916 2327 1175 2416 impedivissent.
1220 2329 1309 2396 Hinc
1329 2330 1371 2397 ad

78 2432 322 2526 fidejussionem
334 2434 487 2502 dimissus
510 2435 571 2501 fuit
592 2457 651 2524 pro
675 2444 762 2501 certo
785 2437 933 2519 termino,
958 2443 990 2499 et
1012 2434 1040 2498 si
1063 2433 1159 2522 paulo
1173 2445 1247 2522 post
1259 2457 1373 2500 manus

74 2536 207 2610 illorum
229 2563 296 2607 uon
319 2542 496 2629 effugisset,
531 2541 704 2609 difficulter
738 2541 897 2607 evasisset
930 2548 961 2605 et
981 2539 1082 2604 vitam
1103 2561 1167 2603 non
1199 2549 1373 2608 servasset.

74 2640 157 2715 [tem
181 2668 266 2736 quae
286 2644 373 2713 bona
395 2644 459 2713 sibi
480 2647 678 2736 procuravit,
700 2644 840 2735 lacobus
863 2643 964 2731 Slaup
987 2642 1150 2726 braxator,
1195 2645 1246 2709 vir
1269 2644 1376 2713 bonae

74 2755 174 2838 ritae,
198 2753 254 2840 qui
275 2753 374 2818 etiam
395 2750 484 2818 nullo
506 2773 527 2817 a
549 2752 681 2818 civitate
703 2750 864 2833 discessit,
887 2747 1055 2815 confidens
1079 2750 1119 2813 in
1141 2750 1196 2837 jus
1227 2760 1260 2815 et
1288 2752 1377 2840 justa

74 2875 175 2947 opera
198 2878 265 2940 sua,
289 2866 322 2921 et
345 2855 425 2921 dum.
442 2857 479 2921 iu
501 2856 624 2921 curiam
646 2856 762 2921 citatus
794 2855 918 2937 fuisset,
964 2854 1193 2939 quaesiverunt
1222 2876 1264 2919 ex
1296 2855 1374 2925 illo:

74 2963 202 3029 sciatne
224 2959 266 3025 de
289 2960 426 3050 quadam
449 2960 634 3050 proditione
657 2968 689 3024 et
718 2959 760 3024 de
782 2958 854 3023 aliis
876 2956 986 3023 multis
1009 2957 1112 3024 rebus
1141 2959 1306 3044 indebitis,
1338 2969 1371 3028 et

73 3066 152 3133 dum
174 3066 407 3154 respondisset,
431 3088 466 3131 ss
488 3064 571 3130 nihil
593 3066 687 3149 scire,
709 3086 868 3130 revocans
879 3085 914 3129 se
928 3063 970 3129 ad
982 3062 1126 3129 debitam
1134 3065 1219 3153 juris
1239 3065 1372 3130 audian·

73 3156 173 3256 tiam,
197 3168 435 3260 responderunt
457 3170 516 3254 illi,
539 3168 626 3259 quod
648 3169 729 3235 haec
751 3169 885 3234 credere
906 3190 971 3232 non
994 3169 1130 3257 possint,
1162 3170 1244 3234 etsi
1267 3192 1375 3257 queru-

73 3274 157 3344 libet
187 3274 347 3343 deberent
380 3276 422 3344 cd
458 3277 543 3366 juris
564 3274 762 3341 audientiam
791 3273 971 3353 admittere,
1005 3272 1092 3359 quod
1124 3270 1243 3338 similia
1274 3275 1376 3341 multa

73 3380 264 3467 ferentilli
292 3403 371 3448 vero
404 3381 490 3472 quod
522 3378 650 3446 tantum
681 3376 886 3444 carnificibus
920 3385 953 3442 et
982 3374 1206 3441 meretricibus
1240 3378 1375 3444 credant

73 3484 153 3575 plus
188 3508 287 3574 quam
321 3487 352 3552 ei
388 3492 421 3551 et
441 3484 524 3552 aliis.
568 3483 651 3550 Post
671 3483 752 3548 haec
773 3483 930 3547 miserunt
952 3478 1044 3545 illum
1080 3478 1122 3544 ad
1146 3502 1302 3567 carceres,
1339 3484 1375 3547 in

82 3591 198 3681 quibus
220 3590 303 3679 plus,
328 3612 424 3680 quam
446 3589 553 3656 medio
576 3611 660 3655 anno
683 3588 833 3654 detentus
855 3586 937 3671 fuit3
960 3583 1091 3650 tandem
1114 3585 1172 3650 vix
1194 3608 1253 3673 per
1285 3595 1376 3654 nota·

78 3692 178 3761 bilem
202 3695 397 3762 solutionem
410 3694 565 3778 obtinuit,
589 3694 674 3782 quod
698 3692 785 3759 domi
807 3711 939 3756 manere
963 3698 994 3754 et
1015 3687 1110 3754 bonis
1133 3690 1198 3754 suis
1227 3689 1291 3755 frui
1316 3713 1374 3779 po·

81 3804 186 3885 tuerit,
225 3800 370 3866 stillum
403 3800 444 3866 de
471 3801 603 3866 civitate
632 3798 722 3864 abire
758 3819 824 3862 non
843 3796 1012 3885 jusserint.
1055 3791 1109 3858 Ex
1146 3794 1196 3859 his
1225 3794 1375 3860 omuibus

84 3902 319 3972 observandum
342 3913 400 3987 est,
424 3903 511 3993 quod
532 3904 652 3969 nullius
673 3901 751 3967 mali
774 3901 837 3966 sibi
860 3902 1009 3966 conscius
1031 3899 1137 3981 fuerit,
1160 3899 1298 3987 ideoque
1334 3899 1378 3965 ad

86 4008 247 4098 quodlibet
265 4008 424 4100 judicium
446 4010 536 4092 stitit,
560 4016 592 4074 et
614 4028 677 4096 quo
701 4004 860 4072 devenit?
883 4006 966 4070 siout
992 4004 1047 4069 alii
1081 4004 1183 4071 multi.
1229 4005 1264 4071 si
1297 4025 1376 4072 vero

87 4132 106 4176 a
130 4114 225 4202 zyka
256 4113 386 4179 lenione
408 4115 580 4200 instigatus
603 4112 708 4176 fassus
730 4111 845 4175 fuisset
868 4109 1029 4198 (quamvis
1051 4110 1145 4198 false)
1180 4118 1212 4175 et
1241 4110 1378 4197 dixisset

88 4212 124 4283 de
154 4219 295 4303 Hlawsa,
317 4217 457 4305 {Schorff
490 4226 522 4283 et
555 4215 757 4282 senatoribus
792 4215 940 4301 captivis,
974 4214 1048 4279 illos
1085 4236 1157 4280 esse
1191 4214 1373 4302 proditores

93 4330 152 4409 aa,
181 4328 251 4392 siue
288 4327 376 4391 omni
396 4322 643 4390 incommodoe
680 4318 864 4386 carceribus
901 4320 1053 4385 dimissus
1088 4319 1211 4385 fuisset.
1255 4319 1378 4388 Malum

92 4422 187 4517 ltaque
208 4437 434 4517 argumentum
467 4438 535 4495 est:
559 4429 615 4514 qui
646 4426 739 4513 fugit,
760 4446 835 4490 reus
858 4434 914 4491 est.
948 4425 1021 4490 Tali
1052 4426 1148 4491 modo
1183 4426 1279 4491 etiam
1316 4449 1377 4494 rex

90 4524 190 4600 dlavid
212 4533 298 4622 fugit
319 4556 427 4600 coram
449 4533 546 4600 Saule
579 4541 612 4598 et
633 4553 741 4597 coram
761 4531 828 4597 filio
851 4528 1027 4615 Absolone,
1063 4553 1122 4619 pro
1156 4552 1211 4595 reo
1238 4530 1377 4615 habitus,

98 4640 179 4706 aits
199 4640 292 4706 multi
310 4641 428 4706 'sancti
472 4639 523 4706 Ita
544 4639 640 4706 etiam
661 4659 723 4704 rex
743 4636 929 4703 Ludovicus
950 4658 1009 4724 pro
1046 4658 1103 4702 reo
1138 4636 1285 4722 habitus,
1306 4635 1376 4720 fuit,

97 4730 166 4813 luna
194 4744 288 4812 infra.
302 4743 431 4812 Budam
453 4766 496 4812 ex
531 4743 683 4812 conflictu
719 4763 792 4808 oum
817 4739 1010 4830 quibusdam
1046 4742 1161 4810 erasit.
1217 4740 1247 4807 Ο
1283 4747 1377 4830 turpe
