2946 5086
467 400 473 415 ⁵
555 355 557 359 ’
602 383 834 454 curuans

78 565 129 627 Ibi
152 567 256 645 agitur
278 567 316 626 de
338 566 459 626 doctore
481 565 623 644 Buryano
644 567 787 645 relegato,
810 571 840 624 et
862 582 984 625 numero
1006 563 1130 625 aliorum
1152 572 1361 652 relegatorum,
1416 551 1421 569 ¹

77 661 96 711 rt
120 655 205 732 quod
227 653 314 713 multi
336 673 397 713 666
419 655 547 732 relegati
570 656 607 715 ob
630 663 743 714 metum
764 653 884 731 ipsimet
906 653 1181 730 sponteexiverint
1204 669 1259 722 etc.
1283 662 1363 722 Tan.

77 740 237 819 lemquid
259 741 401 801 acciderit
422 740 543 801 cuidam
564 741 695 801 Peterka
717 743 754 807 de
776 741 905 800 Hradec.
941 741 1019 799 Item
1042 741 1079 798 de
1102 745 1229 814 quodam
1250 747 1366 811 ‚Iacobo

100 825 231 908 Slaupa,
253 828 303 904 qui
324 830 401 889 bene
423 828 525 908 solvit,
548 835 581 889 ut
603 829 723 908 Pragae
744 846 920 908 permanere
940 825 1048 906 possit,
1071 830 1168 891 etsie
1190 832 1227 894 da
1249 835 1330 897 aliis,

158 1016 226 1081 Die
249 1015 386 1082 Veneris
407 1015 490 1081 festo
513 1015 545 1081 S.
567 1015 722 1098 Floriani,
755 1024 791 1080 ut
820 1036 917 1102 supra
942 1015 1014 1102 jam
1042 1014 1165 1082 dictum
1194 1018 1264 1103 fuit,
1298 1020 1363 1090 hoc

77 1141 158 1220 6666
194 1121 278 1188 1525
306 1119 470 1187 docterem
491 1120 690 1208 Buryanum,
713 1111 942 1184 cancellarium
971 1119 1178 1206 Pragensem,
1203 1125 1258 1210 qui
1293 1147 1367 1214 cap·

76 1227 162 1292 tivus
185 1247 206 1290 a
226 1225 434 1314 praecedenti
463 1225 577 1311 vigilia
607 1224 639 1291 S.
661 1223 829 1290 Laurentii
862 1245 964 1312 usque
996 1223 1039 1291 ad
1071 1214 1156 1292 hanc
1192 1225 1279 1293 diem
1306 1251 1366 1318 per

76 1337 138 1396 tres
160 1328 357 1416 quadrantes
385 1330 463 1395 anni
485 1330 557 1395 sine
579 1329 721 1417 quinque
736 1327 852 1394 diebus
875 1327 909 1393 in
924 1326 1107 1396 carceribus
1123 1328 1271 1397 detentus
1294 1333 1367 1418 fuit,

76 1455 146 1500 cum
168 1433 242 1527 ¹aliis
272 1433 464 1521 quibusdam
488 1433 624 1518 civibus,
659 1433 718 1522 qui
738 1441 834 1500 antea
856 1434 898 1500 ad
926 1428 1167 1522 fidejussionem
1190 1459 1209 1503 6
1232 1440 1368 1505 carceri·

76 1535 144 1604 bus'
163 1538 291 1606 dimissi
334 1537 474 1623 fuerunt,
505 1539 688 1625 Pragenses
722 1561 765 1604 ex
798 1538 942 1604 civitate
962 1539 1198 1626 relegaverunt,
1236 1543 1371 1609 tandem-

79 1644 172 1711 etiam
195 1644 382 1710 successive
415 1643 557 1731 reliquos
587 1642 677 1710 abire
694 1643 885 1732 jusserunt3
909 1641 991 1709 illud
1020 1643 1216 1740 ordinantes,
1250 1657 1287 1713 ut
1308 1647 1368 1715 sub

84 1746 225 1834 quolibet
248 1746 382 1813 consule
403 1745 504 1834 aliqui
526 1746 589 1812 sibi
617 1747 760 1836 suspecti
781 1745 954 1834 pellantur,
978 1755 1010 1812 et
1031 1747 1093 1813 hoc
1115 1749 1245 1817 duravit
1265 1773 1369 1840 usque

84 1849 118 1916 sd
148 1859 279 1939 tempus
302 1851 334 1918 S.
357 1849 555 1932 Wenceslai,
588 1851 654 1918 illis
687 1858 720 1917 61
755 1850 892 1938 reliquis
926 1851 1075 1917 omnibus
1107 1850 1208 1921 breve
1241 1864 1368 1945 tempus

84 1956 253 2026 mansionis
276 1957 491 2043 assignantes,
525 1963 560 2022 ut
581 1956 666 2022 intra
688 1963 812 2022 certum
843 1962 970 2042 tempus
1000 1957 1097 2022 rebus
1130 1960 1196 2024 suis
1228 1960 1370 2026 venditis

85 2052 182 2148 Praga
198 2068 329 2126 exeant.
359 2060 537 2148 Numerum
558 2082 636 2126 vero
660 2060 803 2126 omnium
816 2057 1044 2146 ¹relegatorum
1067 2060 1109 2126 (16
1130 2062 1270 2130 Triurbe
1291 2065 1368 2130 Pra-

83 2165 168 2267 geusi
190 2166 313 2251 rescire
335 2187 400 2230 non
421 2166 522 2253 potui,
560 2164 720 2232 cumillis
750 2164 847 2248 enim,
886 2165 970 2229 sicut
1002 2187 1076 2230 cum
1105 2166 1209 2255 paleis
1241 2157 1371 2256 proces·

80 2277 193 2353 terunt,
220 2268 399 2357 dequibus
421 2269 527 2335 nullus
549 2271 670 2336 rescire
691 2270 805 2357 potuit,
840 2266 897 2335 sed
929 2277 1086 2354 quantum
1107 2271 1188 2337 mihi
1221 2274 1369 2358 innotuit,

76 2384 229 2441 uumerus
252 2374 294 2439 de
314 2372 459 2464 Antiqua
489 2384 521 2440 et
542 2374 638 2442 Nora
671 2375 803 2440 civitate
834 2372 947 2438 saltem
981 2373 1196 2462 quadraginta
1229 2379 1372 2466 quinque
1407 2463 1409 2467 .

74 2491 235 2561 personae
256 2480 386 2545 fuerunt
408 2489 441 2546 61
462 2479 503 2546 de
525 2479 605 2546 urbe
627 2480 784 2567 Pragensi
806 2477 921 2543 minori
945 2479 1074 2544 circiter
1103 2480 1228 2566 viginti.
1271 2482 1316 2546 Et
1337 2469 1371 2547 hi

74 2599 187 2652 [66666
217 2584 259 2650 (16
282 2584 413 2651 civitate
444 2584 529 2674 pulsi
562 2584 685 2673 aliquot
717 2583 819 2649 millia
848 2584 974 2669 Pragae
1012 2582 1202 2670 (secundum
1236 2585 1372 2672 grandia

74 2689 246 2757 mendacia
296 2698 329 2754 61
366 2687 460 2755 rudia
492 2689 596 2774 dicta,
645 2691 774 2756 veritati
818 2689 998 2776 incongrua
1034 2687 1160 2778 loquor)
1206 2689 1372 2756 hominum

73 2795 225 2862 accidere
247 2792 455 2878 debuerunt;
479 2816 574 2881 quam
597 2794 707 2861 idonei
743 2801 850 2858 autem
873 2793 915 2859 ad
949 2793 1031 2861 haec
1061 2795 1276 2885 perpetranda
1304 2795 1383 2862 fue,

73 2899 146 2983 rint,
169 2920 236 2964 non
259 2897 364 2964 solum
400 2899 435 2962 in
468 2897 531 2964 hoc
568 2900 686 2986 exiguo
709 2923 922 2989 personarum
957 2923 1102 2984 numero,
1136 2902 1371 2967 verumetiam

73 3004 289 3087 animositate,
324 3001 460 3091 quilibet
481 3004 617 3089 noverit,
652 3005 707 3092 qui
741 3006 815 3074 illos
853 3009 1066 3074 communiter
1087 3005 1252 3072 noscebat.
1293 3005 1371 3087 Qui·

73 3104 149 3177 dam
190 3110 277 3174 enim
299 3129 455 3174 annorum
478 3110 684 3198 septuaginta
705 3113 820 3176 aetatis
842 3111 982 3195 fuerunt,
1006 3133 1140 3200 quorum
1163 3109 1294 3197 plurimi
1307 3131 1369 3174 666

73 3216 281 3304 evaginatum
311 3235 431 3298 ensem,
467 3236 529 3279 nec
560 3213 624 3279 alia
660 3237 760 3298 arma,
798 3217 943 3303 exceptis
977 3214 1080 3280 tribus
1115 3235 1256 3300 unquam
1278 3212 1368 3279 vide·

72 3328 159 3404 runt,
189 3320 298 3384 minus
320 3340 397 3385 vero
420 3327 533 3385 contra
553 3316 635 3386 alios
658 3320 880 3405 evaginarunt.
902 3314 1036 3384 Interim
1058 3339 1137 3384 vero
1160 3318 1256 3382 etiarn
1278 3339 1370 3405 prae·

72 3428 124 3490 ter
146 3423 207 3490 has
227 3422 360 3514 ,multae
382 3422 466 3488 aliae
489 3444 648 3510 personae
669 3422 776 3510 Praga
799 3421 980 3505 exiverunt,
1005 3423 1076 3509 sine
1092 3423 1180 3486 omni
1208 3421 1370 3488 edictione

75 3536 112 3596 et
124 3529 335 3615 relegatione,
359 3528 417 3593 sed
435 3536 516 3616 pure
538 3528 692 3599 exuario
710 3535 807 3610 metu,
830 3524 887 3592 ubi
909 3525 1041 3615 quidam
1062 3526 1241 3592 timidiores
1264 3549 1372 3592 earce-

72 3631 320 3717 resumebant,
343 3630 474 3720 quidam
498 3633 596 3697 etiam
617 3631 797 3720 periculum
831 3632 918 3699 vitae
941 3653 1019 3696 suae
1039 3630 1230 3697 metuebant
1251 3631 1292 3696 ob
1317 3630 1372 3696 ra·

72 3736 157 3803 rium
178 3736 361 3804 indebitum
395 3746 427 3802 et
448 3738 605 3825 injustum
641 3759 803 3803 rumorem
839 3737 981 3803 accusati
1004 3745 1037 3801 et
1065 3735 1164 3802 delati
1188 3737 1258 3801 sine
1280 3737 1376 3803 omui

76 3843 291 3926 exauditione,
314 3841 356 3906 de
379 3841 492 3907 'variis
514 3840 641 3906 casibus
664 3840 742 3906 fidei
762 3841 859 3908 valde
881 3839 1093 3907 dissimilibus
1106 3865 1114 3924 3
1128 3839 1259 3927 quidam
1275 3843 1372 3907 etiam

74 3940 114 4009 in
131 3947 329 4015 conscientia
351 3967 410 4011 sua
432 3945 539 4024 securi
561 3943 792 4012 afflictionibus
814 3947 931 4011 mentis
956 3947 1031 4012 torti
1054 3953 1128 4010 6661
1149 3966 1191 4010 ex
1214 3946 1274 4030 his,
1287 3969 1371 4035 quea

81 4049 262 4135 8661666166,
300 4057 397 4138 atque
434 4047 476 4115 ob
499 4046 812 4115 commiserationem
835 4057 866 4128 et
889 4048 1127 4117 condolentiam
1147 4053 1280 4117 nimiam
1314 4051 1389 4124 illa,

81 4166 218 4239 *protare
240 4178 307 4223 666
329 4162 487 4244 potentes,
510 4146 613 4221 libere
636 4176 694 4220 sua
716 4152 967 4220 divendiderunt
990 4158 1107 4223 etalio
1130 4180 1164 4223 66
1198 4155 1367 4221 transtule-

79 4270 175 4345 rent„
209 4261 319 4350 Atque
355 4259 436 4326 adeo
458 4258 558 4324 alium
594 4259 691 4325 finem
725 4257 841 4346 vulgus
862 4258 1028 4345 Pragense
1065 4285 1130 4329 666
1163 4260 1363 4340 intendebat,

78 4357 134 4432 liri
155 4373 189 4434 ut
210 4366 411 4434 voluntatem
451 4387 542 4454 suam
578 4371 783 4452 arrogantem
807 4372 840 4429 et
873 4364 1063 4430 violentiam
1098 4367 1252 4455 injustam
1274 4387 1368 4432 more

75 4450 233 4538 hminum
258 4470 440 4555 audacium,
463 4468 551 4557 apud
573 4489 653 4557 quos
671 4470 747 4558 jura
768 4466 875 4533 locum
896 4490 962 4537 666
984 4468 1140 4554 obtinent,
1163 4471 1197 4535 in
1221 4470 1366 4557 quolibet

71 4575 251 4663 σ36666661,
288 4578 398 4666 itaque
434 4597 517 4653 unus
539 4573 676 4640 alterum
699 4573 733 4638 in
755 4572 904 4640 omnibus
940 4581 1069 4640 secutus
1091 4574 1160 4639 fuit.
1203 4573 1248 4639 Et
1284 4574 1361 4639 dum

70 4678 198 4751 totunm
234 4682 363 4751 illorum
399 4680 588 4767 interrogati
619 4679 774 4746 fuissent:
811 4678 887 4768 quid
900 4702 970 4770 per
1002 4679 1083 4746 haec
1105 4679 1242 4768 appetis,
1278 4699 1361 4767 quae

70 4776 166 4864 'Risi
188 4810 246 4860 our
282 4784 481 4859 contendis?
517 4782 662 4854 debitum
685 4802 877 4876 responsum
899 4785 978 4855 dare
999 4784 1247 4958 nescivxiqsisi,
1277 4781 1366 4872 quod·
