2946 5086
132 170 199 239 240

129 362 192 409 nec
211 339 285 406 illos
307 337 431 421 deceat,
465 346 502 404 nt
523 338 572 405 illi
592 344 705 406 contra
724 358 760 403 se
780 336 869 424 ipsos
898 335 1115 404 testimonium
1137 334 1245 419 edant,
1280 355 1354 402 curn
1383 333 1415 398 in

129 466 193 512 uno
214 442 344 515 foedere
367 448 399 508 et
420 439 618 530 obligatione
640 465 714 509 cum
735 440 963 508 communitate
985 439 1149 529 conjuncti
1171 439 1246 517 sint,
1274 446 1435 528 petentes

130 569 252 636 regern,
273 556 308 612 ut
329 544 410 611 haec
426 545 517 634 juste
530 545 572 614 ab
595 546 659 614 illis
674 554 829 613 amoveat
851 544 924 610 Rex
945 566 1022 611 vero
1037 543 1122 610 hanc
1152 543 1418 632 supplicationem

130 674 204 720 cum
225 648 417 717 consiliariis
440 650 507 715 suis
527 650 744 739 perpendens,
766 648 933 717 mandavit
952 647 1082 714 domino
1105 647 1299 714 cancellario
1330 641 1420 731 regni

128 756 315 835 Bohemiae
337 763 373 819 ut
393 752 459 819 illis
494 753 594 821 verbo
629 777 686 821 suo
720 756 811 842 regio
839 754 1026 843 praecipiat,
1057 762 1093 820 ut
1121 753 1172 820 his
1204 755 1420 819 testimonium

130 860 314 951 praebeant
335 856 388 924 Illi
409 878 486 925 vero
507 857 718 925 advenientes
739 856 793 924 die
813 857 916 942 Jovis,
949 859 1061 946 quinta
1092 856 1145 923 die
1176 867 1252 924 ante
1275 857 1310 924 S.
1345 858 1421 924 Bar·

58 1005 59 1009 =
130 965 302 1034 tholomaei
322 962 440 1030 festum
461 960 504 1029 ad
526 963 753 1030 cancellariam
785 964 908 1050 regiam
921 956 1040 1029 'omnes
1073 985 1191 1052 nempe
1214 971 1337 1042 testes,
1366 986 1420 1028 nu-

130 1093 218 1138 mero
240 1068 371 1156 triginta
392 1089 560 1157 personae,
593 1066 664 1133 loco
688 1089 824 1157 quorum
846 1068 987 1133 omnium
1009 1068 1125 1133 iterum
1145 1067 1271 1133 Passek
1308 1067 1422 1134 scribis

131 1175 255 1261 locutus
277 1172 347 1257 fuit,
370 1171 456 1260 quod
478 1170 520 1238 ad
542 1172 729 1238 citationem
759 1173 882 1259 regiam
905 1172 959 1238 die
992 1173 1157 1238 nominata
1194 1193 1309 1237 omnes
1341 1194 1422 1238 com·

131 1285 276 1371 pareant,
300 1275 358 1342 sed
379 1275 466 1364 quod
487 1277 707 1343 testimonium
729 1275 806 1342 dare
827 1277 944 1343 iterum
958 1284 1129 1364 nequeant,
1152 1298 1195 1341 ex
1217 1298 1328 1357 causa,
1352 1277 1425 1363 quia

131 1384 213 1451 haec
243 1379 434 1469 supplicatio
466 1379 537 1468 regi
571 1389 603 1446 et
630 1379 842 1470 prudentibus
875 1381 1066 1447 consiliariis
1103 1379 1249 1469 ejusdem
1288 1379 1331 1446 ab
1362 1379 1424 1445 illis

131 1485 249 1553 tradita
280 1506 346 1550 non
376 1491 425 1549 est
447 1484 645 1550 sufficienter
666 1507 835 1573 perpensa,
866 1484 924 1550 sed
955 1483 1041 1573 quod
1062 1483 1167 1551 adhuc
1200 1484 1300 1550 aliam
1321 1484 1424 1573 porri·

132 1613 210 1679 gere
239 1589 350 1671 velint,
385 1595 417 1653 et
447 1587 544 1677 hujus
573 1589 698 1654 ratione
728 1589 885 1678 quaedam
917 1612 1114 1679 proponere3
1146 1591 1274 1656 sivero
1297 1600 1424 1680 praeter

131 1695 212 1762 haec
241 1693 349 1759 omnia
368 1713 429 1758 rex
449 1693 587 1781 ipsemet
609 1695 656 1758 eis
677 1692 889 1778 mandaverit,
922 1703 959 1760 ut
980 1693 1043 1760 talo
1066 1695 1288 1761 testimonium
1319 1694 1422 1780 edant,

132 1797 360 1890 quodtandem
382 1797 560 1863 secundum
581 1797 769 1865 mandatum
785 1821 820 1865 se
831 1821 945 1886 gerere
967 1798 1078 1868 velint.
1101 1798 1167 1865 Hic
1181 1801 1303 1866 iterum
1329 1822 1423 1888 quen-

133 1902 208 1970 dam
229 1902 355 1969 obicem
384 1903 588 1987 invenerunt,
622 1903 715 1989 quasi
743 1926 804 1969 rex
837 1926 910 1969 cum
943 1903 1146 1988 consiliariis,
1181 1902 1258 1969 dum
1294 1903 1420 1970 domino

132 2005 326 2075 cancellario
349 2005 395 2070 ita
415 2005 506 2095 loqui
526 2005 704 2086 mandavit,
727 2006 761 2072 in
777 2006 1010 2073 deliberatione
1034 2015 1067 2072 et
1088 2009 1308 2096 perpensione
1330 2009 1421 2097 hujus

134 2110 378 2201 supplicationis
400 2108 435 2174 in
456 2132 492 2175 re
515 2109 655 2199 quadam
684 2110 877 2177 aberrasset.
919 2110 963 2176 Et
989 2112 1035 2176 ita
1057 2111 1187 2177 tandem
1218 2134 1260 2178 eo
1292 2134 1346 2179 res
1369 2112 1421 2177 de·

134 2218 234 2302 venit,
267 2213 354 2304 quod
374 2213 593 2282 testimonium
627 2214 783 2282 exhibere
812 2214 983 2284 debuerint
1004 2215 1047 2282 ad
1066 2214 1256 2283 mandatum
1288 2217 1417 2304 regium.

691 2405 837 2473 CAPUT
860 2410 911 2474 21.

134 2588 172 2648 In
194 2604 254 2670 quo
275 2593 405 2660 notatur,
443 2586 523 2664 quod
543 2582 653 2648 iterum
674 2586 792 2647 Passek
812 2583 941 2659 voluerit
962 2589 1050 2648 modo
1089 2596 1118 2648 et
1148 2590 1254 2649 fraude
1288 2611 1344 2652 sua
1366 2591 1420 2651 dia·

133 2673 232 2736 bolica
254 2674 407 2734 dominum
429 2691 517 2733 suum
538 2693 639 2751 regem
661 2674 720 2734 sibi
741 2674 906 2752 gratiosum
929 2677 1063 2749 reddere,
1085 2695 1221 2754 sperans,
1247 2679 1319 2738 dum
1333 2680 1420 2738 bonos

136 2770 166 2822 et
188 2762 361 2820 innocentes
383 2760 520 2820 homines
542 2759 686 2822 afflixerit
709 2769 738 2820 et
760 2760 936 2840 sauguinem
969 2762 1088 2822 illorum
1120 2764 1299 2841 profuderit,
1335 2782 1420 2843 agens

136 2848 212 2907 illud
234 2849 265 2905 in
286 2848 426 2906 honorem
449 2855 479 2905 et
499 2847 619 2907 laudem
639 2848 710 2924 Dei,
735 2849 814 2925 quod
837 2848 895 2906 sibi
918 2869 1016 2926 regem
1038 2851 1190 2910 addictum
1215 2854 1421 2912 etbenevolum

134 2935 246 2994 reddet.
270 2932 424 3008 Quomodo
432 2933 540 2992 iterum
553 2938 699 3011 quendam
710 2935 894 3012 lagenarium
907 2944 936 2994 et
956 2937 1082 2995 alterum
1105 2937 1307 3016 cingularium
1330 2941 1367 2998 ad
1379 2960 1419 2999 ro·

135 3041 206 3100 gum
214 3021 423 3081 condemnatos
433 3020 518 3079 educi
522 3021 687 3097 jusserunt.
711 3019 959 3098 Simulquomodo
966 3024 1014 3082 isti
1025 3043 1123 3083 coram
1135 3033 1197 3086 toto
1216 3027 1328 3103 populo
1342 3028 1422 3086 fidem

242 3126 328 3168 suam
349 3109 555 3187 profiteantur,
576 3119 606 3170 et
627 3110 717 3170 simul
737 3129 792 3188 pro
813 3109 941 3169 inimicis
964 3111 1027 3170 suis
1050 3112 1148 3172 Deum
1170 3123 1307 3173 exorent.

220 3277 345 3344 Videns
368 3298 445 3364 ergo
467 3276 593 3343 Passek
614 3299 688 3343 cnm
710 3278 904 3366 quibusdam
926 3281 1023 3347 sociis
1047 3281 1113 3346 suis
1128 3281 1229 3347 verbo
1248 3290 1281 3348 et
1294 3282 1420 3349 nomine

137 3383 279 3450 omniurn
300 3381 524 3470 Pragensium,
562 3381 648 3470 quod
669 3382 758 3448 nullo
780 3383 876 3449 modo
898 3407 1008 3472 regem
1043 3385 1210 3452 dominum
1236 3410 1333 3453 suum
1355 3386 1423 3452 acti·

135 3485 197 3552 bus
220 3495 252 3552 et
272 3484 381 3553 verbis
404 3485 526 3553 dolosis
549 3487 616 3552 suis
637 3509 696 3576 pro
720 3508 778 3552 sua
799 3497 891 3575 parte
914 3491 1091 3575 gratiosum
1113 3498 1144 3555 et
1158 3490 1221 3557 sibi
1233 3512 1424 3581 propensum

134 3588 271 3657 reddere
292 3598 434 3678 nequeat
452 3611 512 3678 pro
535 3587 699 3656 voluntate
723 3611 789 3674 sua,
823 3592 947 3657 invenit
969 3593 1031 3659 sibi
1053 3593 1149 3659 aliam
1171 3596 1261 3661 viam
1277 3597 1425 3662 instinctu

136 3693 315 3778 daemonis,
336 3703 372 3759 ut
395 3691 455 3759 sub
477 3694 551 3760 velo
574 3693 732 3760 ferventis
756 3694 952 3763 christianae
973 3697 1141 3784 religionis
1164 3700 1352 3786 etpietatis,
1375 3696 1424 3764 sed

135 3808 220 3869 tecto
242 3798 324 3865 falso
359 3806 391 3863 et
411 3796 497 3864 malo
520 3797 594 3865 dolo
616 3797 785 3867 insidiario
829 3823 994 3868 venenoso
1016 3801 1158 3868 furorem
1181 3825 1274 3868 suum
1298 3803 1424 3871 diaboli·

128 3927 218 3990 cum,
240 3902 398 3970 invidiam
421 3926 499 3990 ergo
521 3904 708 3993 proximum
731 3915 763 3971 et
785 3905 960 3971 falsitatem
982 3929 1136 3973 exercere
1158 3909 1271 3996 possit,
1299 3910 1328 3975 si
1348 3909 1422 3975 ferte

134 4009 192 4077 tali
212 4009 268 4076 via
289 4008 420 4074 efficere
442 4017 554 4097 posset
588 4007 688 4096 (sicut
710 4010 777 4096 egit
800 4010 959 4099 superbus
981 4009 1099 4096 Amen,
1134 4014 1190 4100 qui
1211 4036 1272 4101 per
1294 4013 1422 4081 insidias

135 4111 264 4180 induxit
284 4134 396 4200 regem
417 4111 581 4181 Asverum
603 4113 770 4181 dominum
793 4139 886 4181 suum
909 4116 969 4183 sub
992 4117 1065 4184 velo
1097 4116 1175 4183 fidei
1199 4127 1232 4182 et
1252 4119 1423 4207 religionis,

134 4227 170 4285 ut
189 4217 440 4285 Mardochaeum
462 4240 537 4285 cum
559 4218 856 4286 omnibusJudaeis
880 4219 921 4286 ad
943 4221 1107 4288 interitum
1119 4223 1306 4312 perducat),
1329 4231 1364 4291 ut
1373 4244 1426 4289 rex

50 4394 58 4415 θ
135 4320 184 4388 illi
205 4321 383 4389 benevolus
404 4319 568 4389 reddatur.
604 4322 749 4412 Ideoque
771 4325 922 4390 nesciens
945 4326 1105 4414 quomodo
1129 4328 1268 4413 gratiam
1291 4330 1379 4416 regis
1399 4334 1426 4394 et

134 4449 301 4495 accessum
324 4426 388 4494 sibi
410 4427 587 4494 conciliare
609 4437 722 4518 posset
743 4452 817 4495 eum
839 4429 922 4514 aliis,
947 4433 1002 4519 qui
1014 4433 1045 4496 ei
1056 4430 1098 4497 ad
1109 4430 1191 4498 haec
1202 4433 1329 4499 auxilia
1343 4454 1425 4522 praa

134 4531 283 4617 buerunt,
307 4541 546 4621 proposuerunt
568 4533 641 4617 sibi,
674 4535 757 4600 sicut
779 4556 864 4601 anno
886 4534 1095 4624 praecedenti
1116 4536 1151 4602 in
1174 4538 1339 4628 principio
1362 4537 1424 4624 ejus

135 4638 305 4726 regiminis
328 4636 449 4703 factum
472 4637 542 4721 fuit,
565 4647 601 4704 nt
624 4637 720 4704 etiam
743 4638 802 4704 tali
823 4638 918 4705 modo
940 4662 1055 4706 manus
1068 4641 1103 4706 in
1119 4642 1280 4728 sangnine
1295 4643 1427 4710 humano

130 4739 253 4829 lerant,
286 4739 404 4811 honori
436 4748 470 4810 et
491 4739 583 4810 laudi
605 4739 737 4813 divinae
757 4741 841 4823 haec
861 4741 1095 4826 adscribentes,
1127 4743 1278 4817 sednon
1301 4769 1345 4817 ex
1367 4744 1427 4817 solo
