2946 5086
68 94 158 179 'ild

91 282 220 370 vehem,
243 282 388 373 mrhiqne
408 283 481 373 ipee
500 280 632 370 fingam,
649 282 803 353 omittam
844 285 942 370 Quod
961 293 1070 356 autem
1089 286 1208 356 missae
1219 286 1377 357 Suevicae

91 390 266 474 concernit,
288 389 331 456 de
352 388 470 479 quibus
491 387 653 473 dicebant,
686 397 718 456 et
738 392 786 457 ita
806 392 1025 481 appellabant,
1047 392 1139 478 scito,
1164 393 1254 483 quod
1276 416 1377 483 penes

89 495 176 562 hanc
196 496 330 561 missam
351 493 434 560 nihil
455 491 543 559 aliud
565 503 673 559 actum
693 494 799 581 fuerit,
830 520 927 586 quam
966 500 1050 565 sicut
1068 498 1105 564 in
1125 507 1257 566 venusta
1278 499 1376 566 chris·

90 601 237 667 tianitate
257 600 320 666 fuit
341 598 514 683 celebrata,
537 599 625 687 quod
647 600 970 669 sacerdoehlartinue
984 605 1020 669 in
1041 599 1238 671 Bethlehem
1259 626 1375 692 agnos·

91 726 169 773 cens
188 705 414 771 necessitatem
452 712 485 770 et
504 703 661 791 populum
682 726 742 793 pro
763 714 842 772 tunc
861 715 1011 796 paratum
1031 707 1308 797 adsumptionem
1323 730 1372 774 ea·

91 811 246 877 crementi
278 807 424 897 illudque
463 818 643 896 petentem,
672 809 789 876 diebus
812 811 997 877 Dominicis
1018 821 1165 900 tempore
1186 835 1249 879 suo
1271 813 1373 880 altare

89 915 266 983 accesserit
286 912 418 980 indutus
440 915 529 978 omni
550 913 744 981 sacerdotali
764 924 922 1003 apparatu
944 918 1015 981 sine
1036 917 1126 982 omni
1145 916 1248 984 latino
1270 926 1374 1003 cantu,

91 1023 162 1087 eine
184 1018 349 1103 confiteor,
371 1017 517 1085 collectis
540 1026 573 1083 et
593 1018 666 1083 aliie
682 1019 779 1086 rebus
805 1022 969 1087 consuetis
992 1029 1026 1088 et
1045 1024 1080 1088 in
1103 1024 1267 1112 scriptura
1285 1046 1375 1090 sacra

89 1147 156 1191 non
188 1122 331 1189 fundatis
355 1131 388 1188 et
418 1123 593 1211 inceperit:
629 1124 734 1211 primo
768 1125 1025 1191 exhortationem
1047 1125 1091 1225 ad
1111 1127 1268 1215 populum
1302 1128 1376 1194 fecit

90 1228 176 1295 circa
205 1226 307 1294 altare
338 1227 520 1294 flectentem
558 1238 590 1295 et
623 1230 880 1295 communionem
913 1239 1166 1320 exspectantem,
1199 1231 1295 1297 illum
1323 1231 1375 1298 ad·

88 1355 233 1419 monens,
265 1342 301 1398 ut
334 1332 522 1399 recordetur
551 1355 587 1398 se
618 1334 715 1399 modo
742 1343 941 1422 sumpturum
969 1357 1087 1424 corpus
1117 1343 1150 1401 et
1184 1338 1375 1424 sanguinem

87 1439 168 1506 Jesu
204 1437 329 1506 christi
364 1437 424 1503 sub
457 1446 595 1528 utraque
627 1440 737 1527 specie
758 1440 805 1504 ·in
835 1441 1025 1506 memoriam
1061 1441 1246 1506 innocentie
1276 1443 1375 1530 paesi·

89 1544 161 1611 onie
184 1552 218 1609 et
250 1545 363 1609 mortis
402 1551 435 1607 et
459 1544 601 1607 omnium
633 1542 863 1608 beneficiorum
895 1545 983 1632 ejus,
1016 1553 1050 1609 et
1080 1552 1118 1610 ut
1149 1543 1315 1612 fervorem
1347 1554 1375 1610 et

88 1648 345 1716 aestimationem
381 1669 454 1713 cum
477 1648 634 1734 religione
670 1646 782 1713 debita
809 1647 941 1714 eliciant
974 1656 1007 1714 et
1045 1647 1188 1715 habeant
1220 1648 1264 1714 ad
1303 1648 1375 1737 dig·

88 1774 164 1821 nam
201 1752 432 1842 sumptionem,
467 1753 552 1819 sicut
580 1751 719 1818 Sanctus
754 1752 874 1818 Paulus
902 1750 1081 1840 Apostolus
1133 1775 1176 1818 ex
1213 1751 1374 1821 voluntate

89 1859 210 1926 domini
233 1857 282 1923 sui
304 1857 436 1923 mandat
458 1865 491 1921 et
511 1855 665 1922 admonet
695 1857 755 1923 suh
776 1878 882 1945 paena
903 1865 1054 1922 aeternae
1087 1857 1317 1943 damnationis,
1345 1868 1373 1925 et

90 1964 162 2031 aliis
185 1963 344 2030 similibus
377 1961 535 2028 allocutus
558 1962 628 2044 fuit,
650 1983 753 2048 usque
774 1962 817 2027 ad
838 1961 946 2028 finem.
990 1961 1137 2027 Tandem
1171 1961 1308 2051 quidam
1338 1962 1374 2029 de

89 2068 208 2158 populo
237 2067 404 2133 flectentes
425 2068 472 2154 pii
504 2065 673 2132 christiani
713 2074 826 2132 cantus
851 2067 964 2153 lingua
985 2065 1163 2134 Bohemica
1186 2075 1373 2151 cantarunt5

89 2176 141 2241 his
163 2174 262 2239 finitis
278 2172 429 2238 sacerdos
450 2171 609 2237 Martinus
632 2172 806 2238 orationem
830 2173 918 2259 piam
951 2172 1059 2260 linqua
1090 2173 1262 2238 Bohemica
1295 2172 1376 2238 clara

90 2302 171 2349 voce
192 2280 234 2346 ad
255 2279 432 2346 Dominum
454 2278 561 2344 Deum
586 2280 746 2359 recitavit,
769 2286 805 2342 ut
825 2300 945 2366 panem
966 2277 1053 2344 huno
1083 2279 1117 2343 in
1139 2277 1293 2345 manibus
1315 2280 1376 2344 suis

91 2393 275 2454 contentum
298 2407 414 2473 corpus
436 2407 529 2451 suum
551 2393 708 2469 sanctum,
732 2392 765 2450 et
787 2384 898 2450 vinum
919 2385 954 2448 in
968 2382 1070 2448 calice
1082 2385 1276 2469 sanguinem
1289 2405 1376 2450 suum

91 2499 238 2558 sanctum
270 2490 400 2556 efficere
428 2490 580 2576 dignetur
600 2512 659 2577 pro
681 2490 790 2578 populi
820 2488 917 2577 hujus
950 2486 1051 2573 digna
1072 2489 1256 2576 sumptione
1293 2490 1377 2553 etin

89 2598 276 2665 memoriam
297 2597 478 2662 innocentie
498 2595 660 2682 passionis
697 2603 731 2660 et
752 2593 894 2660 omnium
904 2591 1135 2657 beneficiorum
1159 2595 1230 2682 ejus
1267 2604 1299 2660 et
1321 2617 1376 2682 pro

90 2708 204 2774 merito
225 2692 313 2773 vitae
335 2714 496 2771 aeternae.
517 2702 648 2769 Deinde
669 2703 817 2771 recitavit
832 2703 930 2767 Pater
950 2708 1062 2766 noster
1082 2709 1187 2787 usque
1208 2700 1253 2766 ad
1274 2700 1377 2785 finem,

92 2812 222 2879 undem
245 2809 361 2898 obtulit
383 2807 483 2876 verba
506 2809 628 2876 Christi
649 2833 707 2898 pro
730 2808 965 2891 benedictione,
988 2807 1127 2893 quaein
1144 2806 1263 2877 ultima
1282 2829 1379 2873 coena

91 2918 176 2986 dixit
196 2919 231 2983 in
252 2915 478 2984 distributione
501 2916 705 2999 sacramenti,
730 2915 876 3003 corporis
898 2920 931 2979 et
953 2909 1131 2998 sanguinis,
1166 2910 1218 2977 hie
1252 2913 1378 2979 verbis:

90 3023 266 3111 Accipiens
287 3044 405 3111 panem
426 3023 462 3086 in
485 3029 614 3087 sancus
636 3042 751 3095 manus
780 3040 865 3100 suae,
897 3016 1019 3104 gratias
1041 3015 1118 3102 egit,
1150 3014 1259 3103 fregit,
1293 3017 1380 3084 dedit

91 3128 204 3195 dicens
226 3135 284 3194 etc.
331 3126 387 3194 Sic
409 3126 506 3192 etiam
528 3126 563 3191 in
586 3125 695 3213 specie
716 3124 819 3191 altera
849 3125 916 3210 egit
937 3140 1041 3208 usque
1063 3117 1106 3183 ad
1128 3121 1239 3205 finem,
1270 3123 1376 3188 omnia

91 3256 172 3303 voce
194 3233 282 3301 clara
302 3235 337 3298 in
358 3232 471 3319 lingua
493 3230 676 3302 Bohemica.
720 3228 867 3296 Tandem
889 3227 1013 3325 absque
1035 3229 1124 3294 omni
1145 3226 1329 3293 elevatione
1350 3235 1379 3291 et

92 3337 242 3406 omnibus
264 3338 337 3404 aliis
358 3337 485 3420 ritibus,
507 3337 562 3425 qai
584 3337 619 3402 in
640 3335 741 3401 missa
761 3335 832 3403 fieri
855 3333 977 3418 solent,
1004 3334 1126 3422 gratias
1149 3331 1279 3420 agendo
1314 3331 1377 3398 dis·

91 3443 204 3511 tribuit
223 3443 298 3526 illis‚
322 3451 355 3508 et
375 3444 422 3509 ita
442 3441 528 3508 hano
549 3442 681 3508 missam
702 3440 817 3507 finivit
861 3439 952 3505 Talis
987 3447 1037 3504 est
1071 3437 1156 3504 haec
1177 3438 1281 3504 missa
1306 3436 1377 3504 Sue·

92 3550 166 3618 vica
186 3571 207 3615 a
227 3546 353 3614 Passek
385 3546 559 3629 nominata,
597 3547 632 3612 in
665 3568 729 3635 qua
760 3569 874 3634 mwna
907 3547 997 3633 copia
1031 3542 1197 3609 variorum
1229 3541 1271 3609 de
1296 3544 1378 3609 omni

93 3661 177 3721 statu
198 3653 365 3720 hominum
387 3673 461 3717 esse
484 3650 619 3735 solebat,
643 3659 676 3716 et
697 3649 829 3738 quidem
850 3670 917 3715 non
932 3656 1057 3714 tantum
1070 3646 1131 3714 sub
1152 3656 1303 3737 utraque,
1325 3645 1377 3712 sed

93 3761 188 3826 etiam
211 3759 349 3824 Romani
370 3754 430 3823 sub
444 3778 509 3822 una
524 3757 644 3845 specie,
666 3755 825 3842 multique
838 3756 1005 3842 utriusque
1019 3774 1118 3819 sexus
1139 3751 1224 3818 haec
1246 3752 1372 3819 audien·

92 3874 142 3931 tes
165 3871 199 3934 ct
218 3862 426 3946 admirantes,
464 3870 560 3948 atque
581 3862 617 3927 in
638 3860 689 3927 his
712 3846 950 3948 complacentes
972 3856 1044 3936 sibi,
1067 3857 1244 3946 lacrymari
1279 3856 1373 3924 coacti

93 3978 175 4039 eunt

177 4074 397 4162 Interrogatus
419 4071 551 4139 tandem
573 4071 608 4137 in
631 4063 721 4137 curia
741 4068 984 4135 administrator
999 4065 1113 4134 Gallus
1137 4063 1288 4133 Ozahera
1310 4085 1372 4132 cun

93 4182 179 4250 clero
212 4203 279 4265 suo,
312 4202 353 4245 an
387 4179 422 4243 in
443 4163 495 4243 his
529 4175 688 4266 quaedam
710 4196 847 4241 erronea
870 4175 934 4239 sint
957 4179 1068 4239 contra
1094 4171 1204 4258 legem
1219 4171 1304 4251 Dei,
1331 4193 1372 4237 re·

95 4285 233 4374 spondit,
255 4284 338 4350 nihil
361 4300 433 4350 esse
466 4283 602 4366 erronei,
632 4302 694 4347 nec
716 4288 828 4346 contra
860 4279 966 4367 legem
1012 4285 1046 4343 et
1065 4283 1297 4344 testamentum
1317 4274 1371 4343 Dei

94 4391 158 4477 agi,
181 4390 238 4456 sed
260 4389 348 4477 quod
370 4411 405 4454 ee
426 4387 661 4477 praecedenter
683 4406 791 4452 coram
812 4384 868 4451 illo
892 4406 965 4450 cum
987 4382 1049 4448 hac
1069 4382 1171 4447 missa
1205 4381 1370 4450 absconde·

94 4495 156 4581 εἰη
179 4494 259 4561 illud
282 4505 389 4562 autem
410 4496 554 4582 potuisse
575 4493 657 4571 fieri,
680 4513 754 4557 cum
776 4513 828 4557 res
863 4491 905 4557 sit
927 4496 1040 4555 contra
1076 4487 1326 4555 consuetudines
1346 4492 1372 4548 et

98 4598 265 4667 hominum
287 4601 491 4667 inventiones
514 4609 546 4667 et
570 4597 824 4682 constitutiones,
847 4619 929 4686 quae
959 4593 1081 4662 nullam
1105 4593 1273 4680 virtutem,
1294 4591 1370 4660 valo-

90 4726 162 4771 rem
187 4713 221 4774 et
245 4704 503 4773 aestimationem
537 4727 616 4793 erga
647 4705 754 4794 legem
787 4704 852 4784 Dei
881 4700 1012 4769 hahent.
1064 4697 1242 4768 Sciendum
1275 4699 1372 4781 etiam,
