2946 5086
1227 200 1236 223 “
1310 194 1376 285 ru

74 395 86 440 a
105 379 228 468 quibus
239 380 381 469 comitiis
392 375 532 444 exclusit
547 376 728 464 principem
750 368 913 457 carolum,
935 373 1190 452 dominumLetr
1205 386 1363 447 eternitas

74 476 194 559 iudices
230 472 337 550 terrae
371 485 445 548 'cum
478 488 563 546 statu
590 481 734 568 equestri
766 480 813 544 eis
846 478 1053 565 adhaerente,
1076 488 1214 571 excepto
1237 476 1368 552 domino'

79 582 197 655 adamo
220 574 428 671 cancellario,
452 587 485 651 et
507 585 637 652 domino
658 583 783 650 Jacobs
807 580 1046 651 subcamerario
1074 587 1243 652 civitatum
1265 590 1368 676 regia·

82 694 176 777 1um;¹
196 715 239 758 ex
270 700 355 758 statu
377 689 467 757 civili
501 691 598 755 etiam
621 687 760 754 exclusit
783 688 973 775 Pragenses,
997 674 1131 777 duorum
1165 692 1290 758 nullum
1311 682 1371 759 rein

85 795 165 860 citari
187 795 365 862 mandarit
387 792 442 860 Ad
464 814 548 881 qnae
569 794 702 858 comitia
723 794 876 858 convenit
896 810 1014 880 magns
1051 790 1222 877 multitado
1254 819 1370 885 proce·

83 918 152 984 um,
192 902 348 989 equitum,
385 906 482 965 etex
504 897 686 979 civitatibus
710 897 944 985 ablegatorum,
976 899 1024 962 ita
1044 905 1080 962 ut
1105 906 1171 963 tam
1204 900 1239 967 in
1276 902 1368 992 urbe,

82 1023 170 1088 qnam
193 1005 228 1091 in
246 1003 428 1092 praeurbiis
451 1003 631 1070 diversaris
653 1001 803 1068 sufficere
825 1024 891 1069 non
911 1003 1085 1090 potuerint.
1112 1002 1274 1093 Princeps
1290 1016 1370 1073 vert

78 1115 106 1170 et
122 1107 272 1175 dominus
309 1107 388 1173 Lew
425 1128 498 1173 eum
520 1090 863 1197 suis'adhaerentibus
892 1115 924 1171 et
959 1105 1179 1192 Prsgensibns
1203 1111 1301 1175 etiam
1334 1111 1370 1176 in

74 1228 137 1276 non
172 1213 291 1299 exiguo
322 1232 457 1277 numero
481 1220 702 1286 convenerunt
742 1211 777 1275 in
798 1209 963 1276 Montibus
997 1209 1122 1277 Outnis.
1165 1210 1205 1277 ln
1228 1215 1371 1280 crastino

74 1308 227 1382 veredis
248 1312 342 1383 Jovis
357 1317 399 1382 'in
421 1315 472 1381 bis
488 1316 626 1393 comitiis
649 1304 892 1383 Oclinitnsibus
912 1328 1010 1402 agere
1031 1316 1271 1403 inceperuntde
1284 1306 1372 1386 b‘cnu
1419 1366 1425 1381 ι
1447 1344 1451 1352 “

74 1421 162 1506 regio
203 1431 234 1486 et
257 1420 495 1488 communitatis
529 1421 614 1488 bono
648 1421 742 1506 regni
763 1419 941 1485 Bobemiae
963 1420 1081 1508 quiete,
1114 1421 1309 1486 unanimiter
1338 1430 1372 1489 et

74 1516 286 1593 concorditer.
344 1525 474 1593 Interea
510 1509 714 1599 advenerunt
746 1514 952 1590 amantibus
975 1523 1089 1590 Outnis
1112 1524 1154 1590 ad
1185 1546 1241 1591 eos
1262 1527 1385 1609 nuntii..

74 1627 116 1695 de
148 1630 310 1720 equitibus
348 1639 381 1696 et
414 1614 636 1716 Pragensibus
658 1652 678 1696 a
699 1629 846 1718 principe
880 1637 913 1695 et
933 1627 1065 1695 domino
1086 1628 1166 1696 Low
1188 1630 1293 1713 missi,
1315 1640 1371 1697 vo'-

75 1729 174 1802 lentes
205 1734 241 1800 in
262 1735 402 1800 comitiis
436 1734 662 1823 expeditiones
682 1757 761 1800 suas
797 1734 982 1822 deponere,
1015 1733 1163 1823 adquae
1197 1734 1384 1802 efficienda

76 1848 286 1923 porrexerunt
307 1839 417 1905 literas
439 1858 499 1926 pro
520 1839 585 1906 fide
608 1838 732 1906 eisdem
753 1837 946 1904 adhibenda.
989 1837 1055 1904 Ubi
1088 1840 1123 1903 in
1157 1841 1297 1906 comitiis
1330 1839 1369 1906 li·

79 1949 157 2009 teras
188 1929 321 2034 quidem
357 1956 467 2031 eorum
507 1953 719 2032 susceperunt
729 1956 747 2030 ς’
773 1942 888 2010 borum
928 1942 1182 2031 publicationem
1213 1965 1293 2011 vero
1335 1952 1370 2010 et

80 2052 254 2117 nuntiorum
286 2049 529 2138 expeditionem
566 2048 772 2133 distulerunt,
810 2048 915 2115 donec
948 2048 1371 2114 conclusumarticulorum

84 2153 209 2221 statibus
231 2154 424 2221 traditorum
447 2155 628 2243 perfeetum
650 2153 758 2220 fuerit.
800 2154 977 2243 Postquam
1001 2154 1110 2242 itaque
1123 2153 1276 2218 articrdos
1289 2160 1368 2220 con*

85 2252 252 2343 aluissent,
275 2268 343 2326 tum
366 2260 470 2347 primo
491 2258 603 2325 literas
621 2261 791 2347 jusserunt
812 2259 878 2346 legi
900 2267 933 2324 et
950 2259 1089 2333 nuntios
1119 2257 1240 2344 audiri3
1263 2261 1362 2346 super'

86 2354 153 2428 base
175 2365 285 2430 omnia
308 2363 420 2430 datum
441 2363 504 2430 fuit
525 2364 605 2452 ipsis
624 2352 772 2429 debitum
793 2382 994 2452 responsum,
1019 2382 1082 2451 quo
1105 2372 1239 2451 accepto
1260 2363 1368 2429 nuntii

87 2460 178 2536 denuo
211 2460 473 2556 Kattenbergam
493 2470 619 2534 reversi
642 2477 724 2533 suut.
774 2468 852 2534 Post
875 2467 961 2556 quod
983 2488 1176 2556 responsum
1198 2452 1366 2534 Colinian·

86 2585 126 2635 trs
145 2572 232 2639 nullo
254 2572 351 2640 modo
373 2573 457 2658 illos,
480 2568 537 2662 qui
559 2572 803 2660 Kuttenbsrgae
822 2574 961 2656 fuerunt,
985 2571 1028 2638 ad
1049 2573 1193 2638 actiones
1215 2573 1365 2658 negotio·

84 2689 141 2742 rum
172 2697 303 2744 suorum
341 2677 517 2746 admittere
539 2677 721 2761 voluerunt,
744 2679 810 2744 imo
843 2678 973 2767 quando
995 2698 1107 2744 rursus
1139 2676 1292 2764 princeps
1321 2677 1366 2743 sd

86 2794 128 2846 tos
149 2782 311 2850 Colinium
333 2784 432 2868 misit,
456 2804 497 2850 an
519 2783 625 2872 ipsum
647 2782 751 2848 velint
772 2769 857 2850 inter¹
880 2806 915 2850 se
937 2782 1116 2864 admittere,
1141 2780 1226 2869 quod
1249 2780 1366 2848 lubens

86 2900 144 2952 tum
162 2888 230 2954 illie
254 2887 295 2954 de
317 2890 458 2976 negotiis
481 2908 580 2975 agere
603 2887 692 2970 velit,
716 2887 764 2954 illi
785 2908 866 2955 vero
886 2889 1009 2956 nuntiis
1032 2885 1162 2969 auditis,
1185 2907 1222 2959 re
1244 2885 1368 2953 infecta·

84 3007 126 3056 sos
146 2992 346 3077 dimiserunt,
378 3014 496 3059 omnes·
512 2993 643 3082 publice
674 2991 830 3076 dicentes,
865 2993 929 3060 sibi
962 2995 1025 3061 boc
1056 2990 1276 3058 necessarium
1298 2976 1365 3057 non¹

84 3112 164 3164 ossa
204 3096 275 3163 Illis
309 3116 389 3184 ergo
421 3097 538 3163 diebus
571 3099 785 3164 comitiorum·
811 3097 962 3164 dominus
998 3098 1143 3165 Joannes
1167 3095 1300 3162 Hlawsa
1332 3105 1366 3163 et

81 3198 125 3267 tlii
158 3203 268 3290 Praga
298 3202 428 3291 expulsi
461 3203 669 3270 insinuarunt
701 3205 811 3269 omnia
833 3223 893 3268 sua
913 3192 1103 3289 gravamina
1126 3222 1235 3265 coram
1258 3201 1360 3265 omni·

80 3299 128 3372 las
163 3306 311 3391 statibus,
346 3306 436 3395 quod
466 3306 534 3374 Sua
556 3307 712 3395 Majestas
732 3307 837 3395 Regia
859 3298 993 3392 dignata
1014 3305 1110 3371 fuerit
1132 3303 1198 3368 illis
1220 3301 1367 3390 benigne

78 3430 230 3501 propensa
264 3432 341 3477 esse·
364 3412 461 3499 juxta
493 3411 713 3477 innocentiam
750 3433 863 3496 suam,
891 3410 1074 3496 Pragenees
1106 3407 1240 3474 veroin
1263 3429 1363 3477 sauss

78 3515 139 3600 sint,
162 3517 218 3606 qni
241 3516 356 3582 nolunt
376 3515 563 3582 mandatum
588 3524 621 3581 et
644 3516 841 3592 voluntatem
863 3513 987 3581 domini
1020 3515 1070 3582 sui
1100 3511 1218 3596 exequi
1251 3520 1284 3577 et
1317 3513 1361 3580 ad

77 3615 146 3688 laec
167 3612 373 3707 consentire,
396 3620 493 3686 simul
514 3620 679 3686 humiliter
701 3619 917 3708 proferebant,
940 3618 1027 3708 quod
1049 3619 1229 3703 Pragenses
1240 3616 1358 3682 iterum

77 3742 129 3792 nen
149 3712 278 3815 pridem
301 3724 348 3791 da
364 3724 430 3791 illis
450 3726 486 3790 in
509 3725 658 3790 civitates
670 3725 869 3812 scripserint,
887 3746 1017 3790 causam
1029 3723 1095 3789 illis
1122 3725 1237 3790 dantes
1265 3725 1359 3813 qnasi

76 3826 113 3896 illi
146 3831 264 3898 exules
295 3829 554 3913 sollicitarentur,
579 3837 616 3894 ut
636 3851 656 3894 a
677 3829 895 3916 Pragensibus
917 3828 1045 3896 omnem
1066 3839 1185 3896 statum
1221 3832 1354 3900 civilem

76 3934 216 4019 avellant,
240 3935 297 4001 ub'i
318 3934 360 4001 ab
382 3934 541 4014 omnibus,
562 3935 755 4024 praesertim
776 3934 935 4021 ablegatis
957 3935 1124 4000 civitatum
1136 3936 1355 4003 testimonium

74 4028 226 4125 petebant,
247 4040 316 4107 rem
338 4063 374 4106 se
395 4041 442 4105 ita
462 4038 593 4123 habere,
626 4048 723 4130 prout
756 4042 853 4107 etiam
885 4038 993 4106 nullus
1030 4061 1065 4104 se
1099 4038 1285 4124 insinuavit,
1323 4049 1364 4107 ut,

74 4159 132 4211 tem
153 4166 227 4213 esse
248 4138 362 4211 {bisam
384 4144 570 4229 affirmaret,
592 4147 779 4233 petiverunt
800 4145 898 4231 igitur
920 4143 1076 4212 auxilium
1097 4153 1130 4209 et
1146 4146 1268 4232 justam
1283 4166 1358 4234 pro·

74 4250 231 4318 visionem.
275 4248 341 4316 Die
361 4247 539 4315 Dominica
556 4248 687 4315 tandem
700 4267 795 4314 mane
817 4249 961 4315 unanimi
972 4248 1137 4315 voluntate
1150 4259 1181 4314 et
1197 4270 1357 4318 consensu

74 4347 173 4422 latum
203 4353 265 4421 luit
285 4354 366 4443 ipsis
387 4374 588 4442 responsum,
624 4351 710 4442 quod
732 4374 791 4441 pro
812 4351 879 4418 illis
901 4352 1008 4419 omnia
1039 4352 1178 4420 libenter
1199 4374 1296 4440 agere
1324 4363 1359 4421 et

74 4477 98 4524 n
127 4482 165 4526 re
194 4458 286 4525 nulla
316 4457 390 4525 illos
412 4457 563 4539 deserere
584 4458 711 4543 velint3-
727 4456 786 4523 ubi
808 4478 885 4524 mox
905 4480 1057 4546 proceres
1078 4466 1111 4524 et
1140 4457 1264 4545 equites
1296 4458 1356 4526 ab·

74 4562 179 4650 agatis
199 4563 371 4635 civitatum
394 4560 639 4645 demandarunt,
661 4570 698 4627 ut
719 4562 790 4628 sine
811 4583 901 4627 mora
922 4561 1047 4648 Pragae
1081 4562 1277 4628 conveniant
1322 4572 1357 4630 et

74 4687 136 4735 tam
172 4664 397 4755 Pragensibue·
426 4667 641 4734 amicabiliter
676 4676 783 4753 agant,
816 4675 852 4733 ut
884 4665 1045 4735 voluntati
1067 4669 1179 4754 regiae
1201 4665 1354 4734 satisfieri

74 4772 322 4862 pressione·
341 4770 597 4858 angensibus·
612 4771 648 4842 id
668 4771 793 4844 betam
813 4792 880 4841 non
896 4771 1013 4861 ⁴iurarit,
1031 4782 1068 4847 ut
1088 4773 1203 4842 saum-
1219 4770 1354 4849 domino
