2946 5086
83 371 122 437 ab
145 370 345 458 indignitate
366 378 398 433 et
428 363 653 458 ineptitudine.
699 372 819 440 Coram
839 377 984 443 'Domino
1006 378 1085 445 Deo
1115 378 1296 445 nullatenus
1319 402 1370 444 me

84 496 217 559 excuso,
251 473 378 541 confido
400 482 506 540 tamen
528 478 563 541 in
585 471 721 562 gratiam
744 480 888 567 ejusdem
912 490 1075 570 sanctam,
1095 482 1180 570 quod
1201 482 1256 548 ille
1273 490 1372 563 ¹cotia-

82 589 133 645 tus
156 601 251 645 meus
266 601 309 644 ex
330 577 495 662 voluntate
511 579 579 646 Sua
593 580 705 665 editus,
731 585 877 671 quamvis
891 586 1102 671 insufficiens,
1125 609 1190 653 non
1213 589 1374 653 sittamen

83 683 221 768 inutilis,
255 705 317 748 noc
337 682 537 750 frustraneus
560 686 594 750 in
626 686 710 751 facie
733 687 808 766 Dei,
841 699 936 777 prout
958 691 1088 759 omnino
1120 691 1203 756 haee
1225 691 1375 771 diuturna
1456 680 1458 685 ’

85 788 302 854 incarceratio
339 786 380 853 ob
403 787 638 865 defensionem,
655 793 834 887 scriptume
851 830 854 835 <
869 806 1002 879 sacrae3
1036 793 1133 860 credo
1156 795 1251 879 anim,
1289 793 1376 883 quod

81 894 247 959 Dominus
268 892 360 957 Deus
381 892 499 959 multos
532 892 693 982 adjuverit
726 907 758 961 et
779 898 934 985 eripuerit
950 898 996 964 -de
1016 906 1176 987 potestate
1198 906 1230 964 et
1261 897 1375 963 seduc·

81 1000 172 1064 tione
195 997 298 1062 multa
317 995 512 1071 Antichristi
538 1006 572 1063 et
591 998 786 1066 falsitatibus
809 1005 878 1090 ejus
911 1001 1141 1088 idololatricis3
1180 1003 1256 1067 hino
1279 1003 1375 1067 etiam

81 1103 178 1169 Deus
189 1101 278 1167 mihi·
291 1100 427 1186 largitus
442 1109 491 1167 est
512 1103 661 1192 notitiam
674 1106 820 1181 veritatis
835 1128 912 1173 suae
926 1129 986 1194 per
1002 1105 1174 1174 lectionem
1196 1108 1375 1194 scripturae

83 1209 315 1293 magistrorum
344 1204 498 1288 fidelium,
536 1216 571 1273 ut
600 1222 775 1296 agnoscam
804 1211 1048 1287 fundamentum
1077 1220 1217 1302 rectum..
1230 1212 1376 1278 veritatis

84 1311 211 1378 Christi
233 1310 379 1377 Domini.
718 1376 722 1383 4

138 1454 156 1473 .·
171 1415 257 1482 Item
280 1414 394 1483 scribis
417 1415 518 1489 etiam·
547 1416 627 1482 mihi
660 1438 699 1482 ac
720 1419 893 1506 praecipis,
928 1429 963 1485 ut
979 1418 1028 1509 „ad
1060 1414 1204 1484 eremum
1234 1415 1378 1500 redeam,

83 1520 196 1610 ibique
219 1515 454 1611 poenitentiam
476 1542 572 1607 agam
596 1543 655 1608 pro
678 1522 840 1589 erroribus
864 1532 895 1595 et
915 1522 1110 1589 falsitatibus
1127 1514 1321 1605 commissis,
1339 1542 1392 1587 ac·

84 1648 142 1713 pro
165 1625 233 1692 illis
256 1626 448 1706 hominibus,
483 1652 563 1717 quos
586 1652 629 1695 ex
650 1629 769 1694 Vestra
801 1627 884 1693 falsa
906 1629 1057 1716 opinione
1091 1626 1217 1709 seduxi,
1250 1633 1287 1692 ut
1307 1626 1400 1691 mei.

83 1730 177 1797 Deus
199 1724 391 1798 misereatur
413 1742 446 1800 et
469 1733 556 1800 hunc
577 1732 733 1821 populum
755 1731 861 1798 denuo
883 1731 925 1803 ad
940 1756 1053 1822 reram
1074 1732 1172 1798 fidem
1194 1730 1373 1818 perducere

85 1839 220 1924 possim.
267 1836 320 1903 Ad
342 1837 424 1904 haec
444 1839 624 1905 auxiliante
645 1839 717 1905 Deo
741 1837 1018 1925 sicresponde03
1054 1835 1140 1925 quod
1163 1856 1282 1922 nempe
1302 1833 1377 1898 ideo
1464 1923 1465 1927 Ἰ

85 1942 164 2007 mihi
187 1963 269 2031 opus
293 1942 362 2008 'non
386 1942 437 2026 sit,
470 1951 507 2008 ut
527 1942 568 2007 ad
601 1964 743 2007 eremum
773 1941 904 2007 redeam
935 1950 967 2007 et
995 1941 1117 2007 ibidem
1146 1933 1376 2028 poenitentiam

85 2067 180 2133 agam
204 2044 246 2111 de
276 2045 440 2112 erroribus
463 2055 495 2112 et
529 2038 721 2113 falsitatibus
744 2039 783 2111 ac
805 2046 940 2113 aliorum
964 2044 1206 2112 seductionibus
1229 2044 1377 2111 commis·

86 2151 145 2237 sis3
169 2172 247 2215 nam
273 2150 360 2238 quod
381 2151 462 2217 mihi
478 2151 569 2216 Deus
592 2153 795 2240 omnipotens
812 2171 984 2221 examore
1008 2161 1040 2217 et
1061 2149 1164 2237 gratia
1187 2171 1245 2215 sua
1266 2148 1376 2235 largiri

85 2252 238 2341 dignatus
265 2244 372 2339 fuerit,
396 2255 602 2343 agnoscendi
622 2257 658 2322 in
681 2277 788 2322 eremo
820 2265 852 2321 et
873 2255 953 2329 alibi
981 2256 1151 2322 veritatem
1173 2276 1264 2319 suam
1282 2274 1377 2318 sanc-

83 2364 158 2443 tam,
197 2360 387 2447 praesertim
418 2368 531 2425 contra
554 2359 758 2433 seductiones
793 2358 943 2446 grandes,
978 2357 1171 2424 Antichristi
1210 2357 1377 2436 falsitates,

80 2459 238 2529 haereses
262 2471 301 2528 et·
313 2461 525 2546 idololatrias,
538 2488 541 2495 ·
556 2463 597 2529 de
620 2463 671 2530 his
694 2461 853 2547 omnibus,
892 2470 923 2528 et
943 2484 1010 2549 pro¹
1032 2461 1136 2549 gratia
1169 2462 1231 2527 hac
1254 2482 1378 2527 summa

76 2564 263 2634 Dominum
286 2567 394 2634 Deum
416 2567 512 2657 laudo
534 2566 591 2633 diu
612 2576 777 2656 noctuque,
800 2575 835 2632 et
868 2567 989 2654 gratias
1023 2576 1086 2654 ago
1115 2588 1155 2632 ac
1183 2564 1323 2631 laudabo
1346 2573 1379 2629 et
1440 2652 1442 2657 Ι

74 2673 208 2761 gratias
230 2692 326 2759 agam
347 2673 389 2737 in
412 2671 542 2738 saecula
577 2672 779 2738 saeculorum
808 2671 954 2761 ejusdem
988 2673 1112 2758 gratiae
1144 2678 1289 2753 sanctae,
1311 2680 1389 2757 'pro'

74 2785 149 2843 tam
175 2797 297 2862 magno
320 2774 477 2843 beneficio
509 2797 566 2869 suo
588 2776 669 2863 mihi
702 2776 826 2842 collato.
872 2775 975 2861 Vobis
996 2796 1075 2842 vero
1098 2783 1131 2841 et
1152 2765 1302 2847 omnibus
1326 2794 1378 2837 sa-

74 2880 273 2948 cerdotibus
294 2901 399 2969 papae
431 2879 507 2946 filiis
536 2879 756 2946 necessarium
783 2879 881 2947 valde
904 2889 962 2964 est,
994 2889 1027 2946 et
1056 2879 1176 2946 suadeo
1199 2877 1311 2962 Vobis,
1342 2885 1378 2942 ut

74 2986 150 3052 Vos
175 2970 384 3053 adsseremum
404 2985 579 3073 recipiatis,
613 2983 800 3050 deserentes
830 2984 965 3073 papales
989 2994 1021 3050 et
1037 2983 1233 3051 Antichristi
1261 2981 1376 3048 consti·

74 3091 239 3173 tationes,
262 3097 294 3155 et
315 3088 399 3156 falsa
420 3109 459 3154 ac
482 3094 617 3155 erronea
639 3087 800 3175 dogmata,
822 3088 934 3176 ibique
955 3089 1186 3176 poenitentiam
1209 3089 1313 3174 agatis
1337 3085 1379 3152 de·
1440 3083 1443 3089 ’

74 3196 144 3278 his,
178 3192 282 3282 quod.
298 3193 468 3282 populum·
496 3192 689 3259 reduxeritis
724 3202 756 3256 et
794 3194 919 3259 animas
949 3214 1059 3258 eorum
1089 3192 1283 3275 occideritis,
1323 3193 1403 3280 qui¹

78 3301 183 3366 etiarn
204 3297 336 3386 ipsimet
357 3296 481 3363 seducti
503 3299 589 3380 estis,
625 3305 657 3363 st
678 3297 800 3363 detenti
829 3297 864 3360 in
884 3292 1089 3384 Babylonica
1110 3296 1257 3361 Romana
1278 3297 1377 3384 capti-

78 3405 187 3470 vitate
208 3424 268 3489 per
288 3400 481 3475 Antichristi
502 3402 589 3487 rogis
622 3400 820 3488 impudicam
848 3400 975 3485 faciem,
1006 3400 1047 3489 de
1069 3422 1132 3489 quo
1154 3399 1274 3466 Daniel
1303 3421 1378 3489 pro·

80 3506 184 3595 pheta
205 3503 327 3572 scribit.
373 3505 530 3586 Quamvis
553 3507 640 3571 enim
650 3505 719 3571 Vos
736 3506 877 3595 jactetis,
899 3504 967 3571 Vos
990 3527 1062 3571 esse
1083 3505 1167 3572 bene
1189 3504 1378 3570 constitutos

83 3622 117 3678 et
140 3612 279 3677 aliorum
312 3610 488 3678 directores
518 3633 557 3676 ac
589 3610 741 3677 ductores
772 3632 855 3695 esse,
889 3608 1002 3675 sedin
1025 3611 1162 3677 veritate
1191 3609 1398 3687 testamenti¹

84 3726 116 3782 et
138 3716 223 3803 legis
246 3715 367 3787 Christi
388 3715 512 3783 nullum
535 3714 709 3803 possidetis
731 3714 986 3798 fundamentum,
1008 3698 1071 3779 nec
1093 3735 1208 3780 sanum
1229 3711 1373 3778 intellec·

84 3830 153 3886 tum
174 3842 215 3885 ac
236 3841 350 3886 verum
374 3841 514 3903 sensum,
545 3819 604 3884 sed
626 3821 734 3886 omnia
761 3821 796 3886 in
818 3819 1013 3886 contrarium
1044 3827 1076 3884 et
1108 3818 1241 3883 confuse
1267 3817 1376 3903 agitis,

87 3935 119 3990 et
138 3926 243 3991 ferme
266 3925 360 4010 quasi
381 3925 416 3991 in
437 3935 509 4015 rota
531 3922 757 4009 obambulatis,
779 3926 814 3990 in
827 3925 929 3989 meris
944 3932 1068 3991 tantum
1095 3918 1376 4015 constitutionibus

87 4039 117 4095 et
136 4030 230 4096 falsis
251 4051 291 4095 ac
311 4031 419 4095 noxiis
441 4028 633 4120 Antichristi
665 4016 917 4113 inventionibus}
949 4037 1061 4095 contra
1083 4025 1248 4093 Christum
1269 4035 1301 4091 et
1321 4045 1376 4090 vs·

88 4136 213 4203 ritatem
234 4128 320 4220 legis
343 4132 464 4200 Christi
486 4133 629 4200 Domini.

632 4284 778 4408 cnm
799 4341 830 4406 s.
855 4375 857 4379 ψ

327 4605 328 4609 ¹
398 4506 591 4591 Continuatio
613 4520 767 4580 literarum
789 4517 891 4578 fratris
914 4518 1054 4578 Mathiae.

169 4673 322 4769 Tandem
344 4675 378 4738 in
400 4672 451 4739 his
474 4671 575 4739 literis
590 4672 724 4738 ulterius
746 4671 885 4756 quaeris,
908 4692 951 4735 an
973 4668 1113 4751 credam,
1136 4665 1223 4754 quod
1236 4663 1372 4732 verbum

79 4769 288 4865 incenatum
308 4778 408 4847 fuerit
430 4775 516 4846 eta?
558 4775 622 4844 Hic
644 4775 724 4844 mihi
745 4776 863 4844 mirum
884 4774 1025 4844 colorem
1046 4773 1120 4847 fuco
1141 4772 1279 4840 mixtum
1301 4792 1373 4861 por·
1394 4846 1397 4851 ,
