<?xml version="1.0" encoding="UTF-8"?>
<!DOCTYPE html PUBLIC "-//W3C//DTD XHTML 1.0 Transitional//EN"
    "http://www.w3.org/TR/xhtml1/DTD/xhtml1-transitional.dtd">
<html xmlns="http://www.w3.org/1999/xhtml" xml:lang="en" lang="en">
 <head>
  <title>
</title>
<meta http-equiv="Content-Type" content="text/html;charset=utf-8" />
  <meta name='ocr-system' content='tesseract 3.04.00' />
  <meta name='ocr-capabilities' content='ocr_page ocr_carea ocr_par ocr_line ocrx_word'/>
</head>
<body>
  <div class='ocr_page' id='page_1' title='image "./desbartholomaeu00hfgoog_0204.png"; bbox 0 0 2946 5086; ppageno 0'>
   <div class='ocr_carea' id='block_1_1' title="bbox 1321 135 1386 206">
    <p class='ocr_par' dir='ltr' id='par_1_1' title="bbox 1321 135 1386 206">
     <span class='ocr_line' id='line_1_1' title="bbox 1321 135 1386 206; baseline 0 0"><span class='ocrx_word' id='word_1_1' title='bbox 1321 135 1386 206; x_wconf 70' lang='lat'><strong>2³1</strong></span> 
     </span>
    </p>
   </div>
   <div class='ocr_carea' id='block_1_2' title="bbox 84 303 1390 3436">
    <p class='ocr_par' dir='ltr' id='par_1_2' title="bbox 84 303 1390 3015">
     <span class='ocr_line' id='line_1_2' title="bbox 92 303 1388 398; baseline 0.007 -30"><span class='ocrx_word' id='word_1_2' title='bbox 92 305 166 370; x_wconf 91' lang='lat' dir='ltr'><strong>niae</strong></span> <span class='ocrx_word' id='word_1_3' title='bbox 189 303 317 386; x_wconf 86' lang='lat' dir='ltr'><strong>ducem,</strong></span> <span class='ocrx_word' id='word_1_4' title='bbox 339 313 373 370; x_wconf 90' lang='lat' dir='ltr'><strong>et</strong></span> <span class='ocrx_word' id='word_1_5' title='bbox 392 303 635 370; x_wconf 79' lang='lat' dir='ltr'><strong>Ferdiuandum</strong></span> <span class='ocrx_word' id='word_1_6' title='bbox 656 325 767 392; x_wconf 80' lang='lat' dir='ltr'><strong>regem</strong></span> <span class='ocrx_word' id='word_1_7' title='bbox 786 303 974 372; x_wconf 78' lang='lat' dir='ltr'><strong>Bobeniae</strong></span> <span class='ocrx_word' id='word_1_8' title='bbox 994 306 1046 372; x_wconf 79' lang='lat' dir='ltr'><strong>Ne</strong></span> <span class='ocrx_word' id='word_1_9' title='bbox 1064 328 1145 375; x_wconf 83' lang='lat' dir='ltr'><strong>vero</strong></span> <span class='ocrx_word' id='word_1_10' title='bbox 1165 329 1187 373; x_wconf 89' lang='lat' dir='ltr'><strong>a</strong></span> <span class='ocrx_word' id='word_1_11' title='bbox 1204 309 1261 375; x_wconf 86' lang='lat' dir='ltr'><strong>via</strong></span> <span class='ocrx_word' id='word_1_12' title='bbox 1273 309 1388 398; x_wconf 83' lang='lat' dir='ltr'><strong>procul</strong></span> 
     </span>
     <span class='ocr_line' id='line_1_3' title="bbox 92 409 1386 504; baseline 0.004 -30"><span class='ocrx_word' id='word_1_13' title='bbox 92 409 276 494; x_wconf 84' lang='lat' dir='ltr'><strong>deflectam,</strong></span> <span class='ocrx_word' id='word_1_14' title='bbox 296 420 465 498; x_wconf 82' lang='lat' dir='ltr'><strong>praetereo</strong></span> <span class='ocrx_word' id='word_1_15' title='bbox 485 411 549 487; x_wconf 86' lang='lat' dir='ltr'><strong>bie,</strong></span> <span class='ocrx_word' id='word_1_16' title='bbox 570 433 655 496; x_wconf 86' lang='lat' dir='ltr'><strong>quae</strong></span> <span class='ocrx_word' id='word_1_17' title='bbox 674 411 709 474; x_wconf 90' lang='lat' dir='ltr'><strong>in</strong></span> <span class='ocrx_word' id='word_1_18' title='bbox 729 411 845 475; x_wconf 84' lang='lat' dir='ltr'><strong>alienis</strong></span> <span class='ocrx_word' id='word_1_19' title='bbox 858 413 954 476; x_wconf 89' lang='lat' dir='ltr'><strong>terris</strong></span> <span class='ocrx_word' id='word_1_20' title='bbox 975 410 1248 500; x_wconf 87' lang='lat' dir='ltr'><strong>bistemporibus,</strong></span> <span class='ocrx_word' id='word_1_21' title='bbox 1267 436 1386 504; x_wconf 87' lang='lat' dir='ltr'><strong>nempe</strong></span> 
     </span>
     <span class='ocr_line' id='line_1_4' title="bbox 93 514 1386 603; baseline 0.005 -24"><span class='ocrx_word' id='word_1_22' title='bbox 93 514 134 579; x_wconf 90' lang='lat' dir='ltr'><strong>ab</strong></span> <span class='ocrx_word' id='word_1_23' title='bbox 167 537 257 580; x_wconf 91' lang='lat' dir='ltr'><strong>anno</strong></span> <span class='ocrx_word' id='word_1_24' title='bbox 299 515 434 580; x_wconf 90' lang='lat' dir='ltr'><strong>Domini</strong></span> <span class='ocrx_word' id='word_1_25' title='bbox 471 517 553 581; x_wconf 79' lang='lat'>1521</span> <span class='ocrx_word' id='word_1_26' title='bbox 587 516 753 600; x_wconf 89' lang='lat' dir='ltr'><strong>usquead</strong></span> <span class='ocrx_word' id='word_1_27' title='bbox 785 514 867 581; x_wconf 86' lang='lat' dir='ltr'><strong>baec</strong></span> <span class='ocrx_word' id='word_1_28' title='bbox 902 526 1049 603; x_wconf 87' lang='lat' dir='ltr'><strong>tempora</strong></span> <span class='ocrx_word' id='word_1_29' title='bbox 1081 527 1157 581; x_wconf 80' lang='lat' dir='ltr'><strong>aeta</strong></span> <span class='ocrx_word' id='word_1_30' title='bbox 1191 528 1275 601; x_wconf 85' lang='lat' dir='ltr'><strong>sunt,</strong></span> <span class='ocrx_word' id='word_1_31' title='bbox 1307 519 1386 585; x_wconf 86' lang='lat' dir='ltr'><strong>dum</strong></span> 
     </span>
     <span class='ocr_line' id='line_1_5' title="bbox 92 619 1388 708; baseline 0.005 -25"><span class='ocrx_word' id='word_1_32' title='bbox 92 641 212 706; x_wconf 83' lang='lat' dir='ltr'><strong>nempe</strong></span> <span class='ocrx_word' id='word_1_33' title='bbox 245 619 358 706; x_wconf 91' lang='lat' dir='ltr'><strong>populi</strong></span> <span class='ocrx_word' id='word_1_34' title='bbox 390 629 503 684; x_wconf 84' lang='lat' dir='ltr'><strong>contra</strong></span> <span class='ocrx_word' id='word_1_35' title='bbox 547 620 688 684; x_wconf 87' lang='lat' dir='ltr'><strong>invicem</strong></span> <span class='ocrx_word' id='word_1_36' title='bbox 734 631 1013 704; x_wconf 86' lang='lat' dir='ltr'><strong>consurrexerunt,</strong></span> <span class='ocrx_word' id='word_1_37' title='bbox 1046 631 1080 685; x_wconf 87' lang='lat' dir='ltr'><strong>et</strong></span> <span class='ocrx_word' id='word_1_38' title='bbox 1120 624 1312 708; x_wconf 85' lang='lat' dir='ltr'><strong>praesertim</strong></span> <span class='ocrx_word' id='word_1_39' title='bbox 1352 626 1388 690; x_wconf 93' lang='lat' dir='ltr'><strong>in</strong></span> 
     </span>
     <span class='ocr_line' id='line_1_6' title="bbox 93 722 1388 815; baseline 0.001 -25"><span class='ocrx_word' id='word_1_40' title='bbox 93 724 232 810; x_wconf 91' lang='lat' dir='ltr'><strong>imperio</strong></span> <span class='ocrx_word' id='word_1_41' title='bbox 264 733 297 786; x_wconf 90' lang='lat' dir='ltr'><strong>et</strong></span> <span class='ocrx_word' id='word_1_42' title='bbox 329 722 408 787; x_wconf 90' lang='lat' dir='ltr'><strong>alibi</strong></span> <span class='ocrx_word' id='word_1_43' title='bbox 441 722 581 808; x_wconf 87' lang='lat' dir='ltr'><strong>grandes</strong></span> <span class='ocrx_word' id='word_1_44' title='bbox 603 724 777 788; x_wconf 84' lang='lat' dir='ltr'><strong>effusiones</strong></span> <span class='ocrx_word' id='word_1_45' title='bbox 814 726 981 811; x_wconf 84' lang='lat' dir='ltr'><strong>sanguinis</strong></span> <span class='ocrx_word' id='word_1_46' title='bbox 1003 735 1093 793; x_wconf 87' lang='lat' dir='ltr'><strong>ortae</strong></span> <span class='ocrx_word' id='word_1_47' title='bbox 1124 725 1264 809; x_wconf 83' lang='lat' dir='ltr'><strong>fuerunt,</strong></span> <span class='ocrx_word' id='word_1_48' title='bbox 1296 747 1388 815; x_wconf 79' lang='lat' dir='ltr'><strong>prae·</strong></span> 
     </span>
     <span class='ocr_line' id='line_1_7' title="bbox 94 830 1389 918; baseline 0.002 -24"><span class='ocrx_word' id='word_1_49' title='bbox 94 832 205 895; x_wconf 86' lang='lat' dir='ltr'><strong>sertim</strong></span> <span class='ocrx_word' id='word_1_50' title='bbox 240 839 353 894; x_wconf 89' lang='lat' dir='ltr'><strong>contra</strong></span> <span class='ocrx_word' id='word_1_51' title='bbox 389 830 511 895; x_wconf 91' lang='lat' dir='ltr'><strong>clerum</strong></span> <span class='ocrx_word' id='word_1_52' title='bbox 546 841 691 916; x_wconf 85' lang='lat' dir='ltr'><strong>agentes,</strong></span> <span class='ocrx_word' id='word_1_53' title='bbox 728 854 772 896; x_wconf 85' lang='lat' dir='ltr'><strong>ex</strong></span> <span class='ocrx_word' id='word_1_54' title='bbox 802 854 911 914; x_wconf 85' lang='lat' dir='ltr'><strong>causa,</strong></span> <span class='ocrx_word' id='word_1_55' title='bbox 947 834 1025 918; x_wconf 83' lang='lat' dir='ltr'><strong>quie</strong></span> <span class='ocrx_word' id='word_1_56' title='bbox 1049 831 1151 897; x_wconf 70' lang='lat' dir='ltr'><strong>ferum</strong></span> <span class='ocrx_word' id='word_1_57' title='bbox 1193 853 1253 917; x_wconf 90' lang='lat' dir='ltr'><strong>per</strong></span> <span class='ocrx_word' id='word_1_58' title='bbox 1289 841 1389 896; x_wconf 82' lang='lat' dir='ltr'><strong>totam</strong></span> 
     </span>
     <span class='ocr_line' id='line_1_8' title="bbox 94 934 1389 1025; baseline 0.002 -28"><span class='ocrx_word' id='word_1_59' title='bbox 94 934 364 998; x_wconf 76' lang='lat' dir='ltr'><strong>christianitatem</strong></span> <span class='ocrx_word' id='word_1_60' title='bbox 410 934 548 1020; x_wconf 90' lang='lat' dir='ltr'><strong>populus</strong></span> <span class='ocrx_word' id='word_1_61' title='bbox 598 934 760 1020; x_wconf 80' lang='lat' dir='ltr'><strong>cognovit,</strong></span> <span class='ocrx_word' id='word_1_62' title='bbox 805 934 892 1023; x_wconf 92' lang='lat' dir='ltr'><strong>quod</strong></span> <span class='ocrx_word' id='word_1_63' title='bbox 935 957 957 999; x_wconf 86' lang='lat' dir='ltr'><strong>a</strong></span> <span class='ocrx_word' id='word_1_64' title='bbox 1003 934 1101 1022; x_wconf 84' lang='lat' dir='ltr'><strong>longo</strong></span> <span class='ocrx_word' id='word_1_65' title='bbox 1138 938 1210 1025; x_wconf 89' lang='lat' dir='ltr'><strong>jam</strong></span> <span class='ocrx_word' id='word_1_66' title='bbox 1241 944 1389 1023; x_wconf 79' lang='lat' dir='ltr'><strong>tempore</strong></span> 
     </span>
     <span class='ocr_line' id='line_1_9' title="bbox 93 1038 1388 1127; baseline 0.002 -24"><span class='ocrx_word' id='word_1_67' title='bbox 93 1038 226 1104; x_wconf 89' lang='lat' dir='ltr'><strong>illorum</strong></span> <span class='ocrx_word' id='word_1_68' title='bbox 257 1038 546 1124; x_wconf 89' lang='lat' dir='ltr'><strong>praedecessores,</strong></span> <span class='ocrx_word' id='word_1_69' title='bbox 578 1040 657 1103; x_wconf 85' lang='lat' dir='ltr'><strong>item</strong></span> <span class='ocrx_word' id='word_1_70' title='bbox 701 1041 791 1126; x_wconf 87' lang='lat' dir='ltr'><strong>ipsos</strong></span> <span class='ocrx_word' id='word_1_71' title='bbox 834 1039 1006 1106; x_wconf 88' lang='lat' dir='ltr'><strong>modernos</strong></span> <span class='ocrx_word' id='word_1_72' title='bbox 1050 1041 1146 1108; x_wconf 84' lang='lat' dir='ltr'><strong>valde</strong></span> <span class='ocrx_word' id='word_1_73' title='bbox 1182 1039 1388 1127; x_wconf 86' lang='lat' dir='ltr'><strong>deceperint,</strong></span> 
     </span>
     <span class='ocr_line' id='line_1_10' title="bbox 95 1143 1387 1232; baseline 0.002 -24"><span class='ocrx_word' id='word_1_74' title='bbox 95 1155 122 1210; x_wconf 90' lang='lat' dir='ltr'><strong>et</strong></span> <span class='ocrx_word' id='word_1_75' title='bbox 157 1165 229 1208; x_wconf 92' lang='lat' dir='ltr'><strong>non</strong></span> <span class='ocrx_word' id='word_1_76' title='bbox 263 1143 366 1208; x_wconf 89' lang='lat' dir='ltr'><strong>solum</strong></span> <span class='ocrx_word' id='word_1_77' title='bbox 412 1143 507 1208; x_wconf 91' lang='lat' dir='ltr'><strong>bouis</strong></span> <span class='ocrx_word' id='word_1_78' title='bbox 542 1166 654 1209; x_wconf 91' lang='lat' dir='ltr'><strong>eorum</strong></span> <span class='ocrx_word' id='word_1_79' title='bbox 699 1145 791 1229; x_wconf 90' lang='lat' dir='ltr'><strong>illos,</strong></span> <span class='ocrx_word' id='word_1_80' title='bbox 827 1145 886 1210; x_wconf 88' lang='lat' dir='ltr'><strong>sed</strong></span> <span class='ocrx_word' id='word_1_81' title='bbox 918 1148 1033 1228; x_wconf 71' lang='lat' dir='ltr'><strong>edam,</strong></span> <span class='ocrx_word' id='word_1_82' title='bbox 1078 1144 1164 1232; x_wconf 92' lang='lat' dir='ltr'><strong>quod</strong></span> <span class='ocrx_word' id='word_1_83' title='bbox 1207 1143 1289 1230; x_wconf 87' lang='lat' dir='ltr'><strong>plus·</strong></span> <span class='ocrx_word' id='word_1_84' title='bbox 1318 1154 1387 1228; x_wconf 84' lang='lat' dir='ltr'><strong>eat,</strong></span> 
     </span>
     <span class='ocr_line' id='line_1_11' title="bbox 92 1246 1389 1338; baseline 0.002 -26"><span class='ocrx_word' id='word_1_85' title='bbox 92 1246 263 1312; x_wconf 80' lang='lat' dir='ltr'><strong>animabus</strong></span> <span class='ocrx_word' id='word_1_86' title='bbox 297 1246 510 1334; x_wconf 84' lang='lat' dir='ltr'><strong>privaverint,</strong></span> <span class='ocrx_word' id='word_1_87' title='bbox 546 1247 768 1314; x_wconf 79' lang='lat' dir='ltr'><strong>fraudulenter</strong></span> <span class='ocrx_word' id='word_1_88' title='bbox 803 1271 860 1314; x_wconf 91' lang='lat' dir='ltr'><strong>eos</strong></span> <span class='ocrx_word' id='word_1_89' title='bbox 902 1249 1118 1337; x_wconf 82' lang='lat' dir='ltr'><strong>decipientes,</strong></span> <span class='ocrx_word' id='word_1_90' title='bbox 1162 1257 1295 1338; x_wconf 88' lang='lat' dir='ltr'><strong>propter</strong></span> <span class='ocrx_word' id='word_1_91' title='bbox 1332 1247 1389 1314; x_wconf 85' lang='lat' dir='ltr'><strong>de-</strong></span> 
     </span>
     <span class='ocr_line' id='line_1_12' title="bbox 92 1351 1390 1442; baseline 0.002 -24"><span class='ocrx_word' id='word_1_92' title='bbox 92 1351 185 1418; x_wconf 88' lang='lat' dir='ltr'><strong>licias</strong></span> <span class='ocrx_word' id='word_1_93' title='bbox 223 1351 406 1439; x_wconf 80' lang='lat' dir='ltr'><strong>corporales</strong></span> <span class='ocrx_word' id='word_1_94' title='bbox 428 1360 461 1415; x_wconf 92' lang='lat' dir='ltr'><strong>et</strong></span> <span class='ocrx_word' id='word_1_95' title='bbox 481 1355 738 1418; x_wconf 80' lang='lat' dir='ltr'><strong>aestimationem</strong></span> <span class='ocrx_word' id='word_1_96' title='bbox 759 1355 933 1442; x_wconf 79' lang='lat' dir='ltr'><strong>propriam,</strong></span> <span class='ocrx_word' id='word_1_97' title='bbox 955 1377 1015 1441; x_wconf 90' lang='lat' dir='ltr'><strong>per</strong></span> <span class='ocrx_word' id='word_1_98' title='bbox 1035 1352 1119 1418; x_wconf 82' lang='lat' dir='ltr'><strong>falsa</strong></span> <span class='ocrx_word' id='word_1_99' title='bbox 1155 1362 1190 1419; x_wconf 88' lang='lat' dir='ltr'><strong>et</strong></span> <span class='ocrx_word' id='word_1_100' title='bbox 1217 1352 1390 1442; x_wconf 80' lang='lat' dir='ltr'><strong>deceptiva</strong></span> 
     </span>
     <span class='ocr_line' id='line_1_13' title="bbox 92 1457 1388 1546; baseline 0.001 -22"><span class='ocrx_word' id='word_1_101' title='bbox 92 1481 151 1524; x_wconf 86' lang='lat' dir='ltr'><strong>sua</strong></span> <span class='ocrx_word' id='word_1_102' title='bbox 173 1457 337 1544; x_wconf 86' lang='lat' dir='ltr'><strong>dogmata,</strong></span> <span class='ocrx_word' id='word_1_103' title='bbox 363 1467 400 1522; x_wconf 87' lang='lat' dir='ltr'><strong>ut</strong></span> <span class='ocrx_word' id='word_1_104' title='bbox 419 1457 517 1536; x_wconf 87' lang='lat' dir='ltr'><strong>bona,</strong></span> <span class='ocrx_word' id='word_1_105' title='bbox 541 1481 624 1545; x_wconf 92' lang='lat' dir='ltr'><strong>quae</strong></span> <span class='ocrx_word' id='word_1_106' title='bbox 644 1458 822 1545; x_wconf 88' lang='lat' dir='ltr'><strong>possident,</strong></span> <span class='ocrx_word' id='word_1_107' title='bbox 845 1459 910 1525; x_wconf 91' lang='lat' dir='ltr'><strong>illis</strong></span> <span class='ocrx_word' id='word_1_108' title='bbox 931 1458 1071 1541; x_wconf 70' lang='lat' dir='ltr'><strong>uadunt,</strong></span> <span class='ocrx_word' id='word_1_109' title='bbox 1093 1458 1156 1524; x_wconf 87' lang='lat' dir='ltr'><strong>bae</strong></span> <span class='ocrx_word' id='word_1_110' title='bbox 1188 1479 1257 1546; x_wconf 88' lang='lat' dir='ltr'><strong>spe,</strong></span> <span class='ocrx_word' id='word_1_111' title='bbox 1294 1460 1388 1546; x_wconf 84' lang='lat' dir='ltr'><strong>quasi</strong></span> 
     </span>
     <span class='ocr_line' id='line_1_14' title="bbox 88 1563 1385 1653; baseline -0.001 -23"><span class='ocrx_word' id='word_1_112' title='bbox 88 1564 231 1653; x_wconf 89' lang='lat' dir='ltr'><strong>perinde</strong></span> <span class='ocrx_word' id='word_1_113' title='bbox 251 1563 294 1628; x_wconf 94' lang='lat' dir='ltr'><strong>ab</strong></span> <span class='ocrx_word' id='word_1_114' title='bbox 316 1563 381 1628; x_wconf 90' lang='lat' dir='ltr'><strong>illis</strong></span> <span class='ocrx_word' id='word_1_115' title='bbox 401 1585 462 1650; x_wconf 90' lang='lat' dir='ltr'><strong>pro</strong></span> <span class='ocrx_word' id='word_1_116' title='bbox 484 1565 623 1651; x_wconf 81' lang='lat' dir='ltr'><strong>pecunie</strong></span> <span class='ocrx_word' id='word_1_117' title='bbox 644 1565 789 1630; x_wconf 85' lang='lat' dir='ltr'><strong>futuram</strong></span> <span class='ocrx_word' id='word_1_118' title='bbox 810 1565 940 1630; x_wconf 85' lang='lat' dir='ltr'><strong>felicem</strong></span> <span class='ocrx_word' id='word_1_119' title='bbox 960 1567 1062 1629; x_wconf 92' lang='lat' dir='ltr'><strong>vitam</strong></span> <span class='ocrx_word' id='word_1_120' title='bbox 1085 1563 1147 1629; x_wconf 89' lang='lat' dir='ltr'><strong>sibi</strong></span> <span class='ocrx_word' id='word_1_121' title='bbox 1181 1585 1289 1629; x_wconf 76' lang='lat' dir='ltr'><strong>ornem</strong></span> <span class='ocrx_word' id='word_1_122' title='bbox 1311 1586 1385 1651; x_wconf 88' lang='lat' dir='ltr'><strong>pes·</strong></span> 
     </span>
     <span class='ocr_line' id='line_1_15' title="bbox 87 1668 1389 1757; baseline -0.002 -20"><span class='ocrx_word' id='word_1_123' title='bbox 87 1679 183 1745; x_wconf 90' lang='lat' dir='ltr'><strong>sent,</strong></span> <span class='ocrx_word' id='word_1_124' title='bbox 224 1668 310 1757; x_wconf 91' lang='lat' dir='ltr'><strong>quod</strong></span> <span class='ocrx_word' id='word_1_125' title='bbox 346 1678 455 1733; x_wconf 88' lang='lat' dir='ltr'><strong>tamen</strong></span> <span class='ocrx_word' id='word_1_126' title='bbox 500 1670 537 1733; x_wconf 91' lang='lat' dir='ltr'><strong>iu</strong></span> <span class='ocrx_word' id='word_1_127' title='bbox 573 1678 732 1756; x_wconf 86' lang='lat' dir='ltr'><strong>potestate</strong></span> <span class='ocrx_word' id='word_1_128' title='bbox 764 1670 877 1735; x_wconf 88' lang='lat' dir='ltr'><strong>talium</strong></span> <span class='ocrx_word' id='word_1_129' title='bbox 921 1693 1149 1757; x_wconf 88' lang='lat' dir='ltr'><strong>perversorum</strong></span> <span class='ocrx_word' id='word_1_130' title='bbox 1183 1670 1389 1737; x_wconf 86' lang='lat' dir='ltr'><strong>venditorum</strong></span> 
     </span>
     <span class='ocr_line' id='line_1_16' title="bbox 84 1772 1388 1863; baseline -0.002 -22"><span class='ocrx_word' id='word_1_131' title='bbox 84 1797 257 1863; x_wconf 88' lang='lat' dir='ltr'><strong>nunquam</strong></span> <span class='ocrx_word' id='word_1_132' title='bbox 289 1773 360 1837; x_wconf 93' lang='lat' dir='ltr'><strong>fuit.</strong></span> <span class='ocrx_word' id='word_1_133' title='bbox 415 1772 488 1853; x_wconf 79' lang='lat' dir='ltr'><strong>Qua</strong></span> <span class='ocrx_word' id='word_1_134' title='bbox 522 1773 564 1838; x_wconf 90' lang='lat' dir='ltr'><strong>de</strong></span> <span class='ocrx_word' id='word_1_135' title='bbox 589 1775 814 1862; x_wconf 86' lang='lat' dir='ltr'><strong>causaprimo</strong></span> <span class='ocrx_word' id='word_1_136' title='bbox 835 1774 973 1862; x_wconf 90' lang='lat' dir='ltr'><strong>populus</strong></span> <span class='ocrx_word' id='word_1_137' title='bbox 996 1777 1147 1841; x_wconf 83' lang='lat' dir='ltr'><strong>exomni</strong></span> <span class='ocrx_word' id='word_1_138' title='bbox 1168 1788 1260 1863; x_wconf 84' lang='lat' dir='ltr'><strong>parte</strong></span> <span class='ocrx_word' id='word_1_139' title='bbox 1285 1773 1388 1839; x_wconf 82' lang='lat' dir='ltr'><strong>oeulis</strong></span> 
     </span>
     <span class='ocr_line' id='line_1_17' title="bbox 86 1877 1388 1966; baseline -0.003 -20"><span class='ocrx_word' id='word_1_140' title='bbox 86 1881 175 1946; x_wconf 91' lang='lat' dir='ltr'><strong>haec</strong></span> <span class='ocrx_word' id='word_1_141' title='bbox 199 1878 415 1964; x_wconf 87' lang='lat' dir='ltr'><strong>conspiciens,</strong></span> <span class='ocrx_word' id='word_1_142' title='bbox 449 1887 483 1942; x_wconf 90' lang='lat' dir='ltr'><strong>et</strong></span> <span class='ocrx_word' id='word_1_143' title='bbox 518 1880 611 1964; x_wconf 89' lang='lat' dir='ltr'><strong>quasi</strong></span> <span class='ocrx_word' id='word_1_144' title='bbox 633 1877 674 1943; x_wconf 92' lang='lat' dir='ltr'><strong>de</strong></span> <span class='ocrx_word' id='word_1_145' title='bbox 698 1900 810 1943; x_wconf 90' lang='lat' dir='ltr'><strong>somno</strong></span> <span class='ocrx_word' id='word_1_146' title='bbox 843 1877 957 1944; x_wconf 88' lang='lat' dir='ltr'><strong>divina</strong></span> <span class='ocrx_word' id='word_1_147' title='bbox 982 1879 1188 1966; x_wconf 89' lang='lat' dir='ltr'><strong>providentia</strong></span> <span class='ocrx_word' id='word_1_148' title='bbox 1219 1879 1388 1964; x_wconf 66' lang='lat' dir='ltr'><strong>means,</strong></span> 
     </span>
     <span class='ocr_line' id='line_1_18' title="bbox 87 1982 1390 2072; baseline -0.005 -20"><span class='ocrx_word' id='word_1_149' title='bbox 87 2010 135 2052; x_wconf 87' lang='lat' dir='ltr'><strong>ex</strong></span> <span class='ocrx_word' id='word_1_150' title='bbox 155 1985 327 2071; x_wconf 79' lang='lat' dir='ltr'><strong>agnitione</strong></span> <span class='ocrx_word' id='word_1_151' title='bbox 356 1984 460 2047; x_wconf 88' lang='lat' dir='ltr'><strong>sancti</strong></span> <span class='ocrx_word' id='word_1_152' title='bbox 480 1982 654 2068; x_wconf 85' lang='lat' dir='ltr'><strong>Evangelii</strong></span> <span class='ocrx_word' id='word_1_153' title='bbox 678 1991 711 2048; x_wconf 93' lang='lat' dir='ltr'><strong>et</strong></span> <span class='ocrx_word' id='word_1_154' title='bbox 731 1984 876 2048; x_wconf 85' lang='lat' dir='ltr'><strong>veritatis</strong></span> <span class='ocrx_word' id='word_1_155' title='bbox 898 1984 979 2071; x_wconf 91' lang='lat' dir='ltr'><strong>ejus,</strong></span> <span class='ocrx_word' id='word_1_156' title='bbox 1001 1983 1199 2072; x_wconf 85' lang='lat' dir='ltr'><strong>edoctusque</strong></span> <span class='ocrx_word' id='word_1_157' title='bbox 1227 2006 1249 2048; x_wconf 88' lang='lat' dir='ltr'><strong>a</strong></span> <span class='ocrx_word' id='word_1_158' title='bbox 1272 1984 1390 2070; x_wconf 81' lang='lat' dir='ltr'><strong>magis·</strong></span> 
     </span>
     <span class='ocr_line' id='line_1_19' title="bbox 84 2086 1388 2175; baseline -0.003 -19"><span class='ocrx_word' id='word_1_159' title='bbox 84 2093 149 2159; x_wconf 87' lang='lat' dir='ltr'><strong>tris</strong></span> <span class='ocrx_word' id='word_1_160' title='bbox 174 2091 243 2154; x_wconf 87' lang='lat' dir='ltr'><strong>suis</strong></span> <span class='ocrx_word' id='word_1_161' title='bbox 264 2087 413 2153; x_wconf 89' lang='lat' dir='ltr'><strong>fidelibus</strong></span> <span class='ocrx_word' id='word_1_162' title='bbox 434 2110 456 2153; x_wconf 94' lang='lat' dir='ltr'><strong>a</strong></span> <span class='ocrx_word' id='word_1_163' title='bbox 478 2087 551 2153; x_wconf 92' lang='lat' dir='ltr'><strong>Deo</strong></span> <span class='ocrx_word' id='word_1_164' title='bbox 572 2089 751 2169; x_wconf 87' lang='lat' dir='ltr'><strong>illustratis,</strong></span> <span class='ocrx_word' id='word_1_165' title='bbox 772 2086 915 2175; x_wconf 92' lang='lat' dir='ltr'><strong>undique</strong></span> <span class='ocrx_word' id='word_1_166' title='bbox 947 2098 1059 2153; x_wconf 89' lang='lat' dir='ltr'><strong>eontra</strong></span> <span class='ocrx_word' id='word_1_167' title='bbox 1091 2088 1224 2154; x_wconf 88' lang='lat' dir='ltr'><strong>eosdem</strong></span> <span class='ocrx_word' id='word_1_168' title='bbox 1256 2109 1388 2152; x_wconf 89' lang='lat' dir='ltr'><strong>consur·</strong></span> 
     </span>
     <span class='ocr_line' id='line_1_20' title="bbox 87 2193 1389 2279; baseline -0.005 -17"><span class='ocrx_word' id='word_1_169' title='bbox 87 2197 192 2279; x_wconf 86' lang='lat' dir='ltr'><strong>rexit,</strong></span> <span class='ocrx_word' id='word_1_170' title='bbox 226 2195 424 2258; x_wconf 89' lang='lat' dir='ltr'><strong>monasteria</strong></span> <span class='ocrx_word' id='word_1_171' title='bbox 457 2193 558 2258; x_wconf 87' lang='lat' dir='ltr'><strong>multa</strong></span> <span class='ocrx_word' id='word_1_172' title='bbox 589 2193 697 2274; x_wconf 85' lang='lat' dir='ltr'><strong>diruit,</strong></span> <span class='ocrx_word' id='word_1_173' title='bbox 718 2193 894 2258; x_wconf 86' lang='lat' dir='ltr'><strong>monachos</strong></span> <span class='ocrx_word' id='word_1_174' title='bbox 915 2193 1081 2278; x_wconf 87' lang='lat' dir='ltr'><strong>moniales,</strong></span> <span class='ocrx_word' id='word_1_175' title='bbox 1112 2193 1325 2260; x_wconf 83' lang='lat' dir='ltr'><strong>discalceatos</strong></span> <span class='ocrx_word' id='word_1_176' title='bbox 1355 2199 1389 2258; x_wconf 87' lang='lat' dir='ltr'><strong>et</strong></span> 
     </span>
     <span class='ocr_line' id='line_1_21' title="bbox 85 2297 1388 2386; baseline -0.003 -17"><span class='ocrx_word' id='word_1_177' title='bbox 85 2302 172 2369; x_wconf 88' lang='lat' dir='ltr'><strong>alios</strong></span> <span class='ocrx_word' id='word_1_178' title='bbox 194 2298 318 2364; x_wconf 89' lang='lat' dir='ltr'><strong>incolas</strong></span> <span class='ocrx_word' id='word_1_179' title='bbox 339 2306 373 2362; x_wconf 88' lang='lat' dir='ltr'><strong>et</strong></span> <span class='ocrx_word' id='word_1_180' title='bbox 394 2298 459 2362; x_wconf 90' lang='lat' dir='ltr'><strong>otio</strong></span> <span class='ocrx_word' id='word_1_181' title='bbox 482 2299 662 2365; x_wconf 87' lang='lat' dir='ltr'><strong>servientes</strong></span> <span class='ocrx_word' id='word_1_182' title='bbox 682 2298 845 2366; x_wconf 88' lang='lat' dir='ltr'><strong>Romanos</strong></span> <span class='ocrx_word' id='word_1_183' title='bbox 881 2297 1014 2386; x_wconf 83' lang='lat' dir='ltr'><strong>expulit</strong></span> <span class='ocrx_word' id='word_1_184' title='bbox 1065 2297 1137 2364; x_wconf 91' lang='lat' dir='ltr'><strong>Illis</strong></span> <span class='ocrx_word' id='word_1_185' title='bbox 1170 2300 1267 2365; x_wconf 88' lang='lat' dir='ltr'><strong>etiam</strong></span> <span class='ocrx_word' id='word_1_186' title='bbox 1309 2309 1388 2365; x_wconf 80' lang='lat' dir='ltr'><strong>tem·</strong></span> 
     </span>
     <span class='ocr_line' id='line_1_22' title="bbox 87 2402 1389 2497; baseline -0.001 -25"><span class='ocrx_word' id='word_1_187' title='bbox 87 2404 227 2497; x_wconf 85' lang='lat' dir='ltr'><strong>poribus</strong></span> <span class='ocrx_word' id='word_1_188' title='bbox 248 2402 441 2468; x_wconf 89' lang='lat' dir='ltr'><strong>inchoarunt</strong></span> <span class='ocrx_word' id='word_1_189' title='bbox 462 2402 577 2468; x_wconf 89' lang='lat' dir='ltr'><strong>diebus</strong></span> <span class='ocrx_word' id='word_1_190' title='bbox 598 2403 734 2469; x_wconf 89' lang='lat' dir='ltr'><strong>Veneris</strong></span> <span class='ocrx_word' id='word_1_191' title='bbox 757 2413 789 2469; x_wconf 93' lang='lat' dir='ltr'><strong>et</strong></span> <span class='ocrx_word' id='word_1_192' title='bbox 809 2403 882 2468; x_wconf 88' lang='lat' dir='ltr'><strong>aliis</strong></span> <span class='ocrx_word' id='word_1_193' title='bbox 910 2403 1030 2491; x_wconf 84' lang='lat' dir='ltr'><strong>jejunii</strong></span> <span class='ocrx_word' id='word_1_194' title='bbox 1059 2404 1258 2492; x_wconf 85' lang='lat' dir='ltr'><strong>temporibus</strong></span> <span class='ocrx_word' id='word_1_195' title='bbox 1298 2405 1389 2471; x_wconf 87' lang='lat' dir='ltr'><strong>vesei</strong></span> 
     </span>
     <span class='ocr_line' id='line_1_23' title="bbox 90 2506 1389 2594; baseline -0.002 -16"><span class='ocrx_word' id='word_1_196' title='bbox 90 2508 265 2592; x_wconf 81' lang='lat' dir='ltr'><strong>carnibus3</strong></span> <span class='ocrx_word' id='word_1_197' title='bbox 287 2507 361 2572; x_wconf 87' lang='lat' dir='ltr'><strong>Rex</strong></span> <span class='ocrx_word' id='word_1_198' title='bbox 398 2507 494 2572; x_wconf 90' lang='lat' dir='ltr'><strong>etiam</strong></span> <span class='ocrx_word' id='word_1_199' title='bbox 526 2507 754 2573; x_wconf 82' lang='lat' dir='ltr'><strong>Fordinandus</strong></span> <span class='ocrx_word' id='word_1_200' title='bbox 776 2507 836 2573; x_wconf 91' lang='lat' dir='ltr'><strong>sub</strong></span> <span class='ocrx_word' id='word_1_201' title='bbox 859 2529 917 2573; x_wconf 89' lang='lat' dir='ltr'><strong>suo</strong></span> <span class='ocrx_word' id='word_1_202' title='bbox 938 2509 1097 2594; x_wconf 87' lang='lat' dir='ltr'><strong>regimine</strong></span> <span class='ocrx_word' id='word_1_203' title='bbox 1128 2508 1247 2575; x_wconf 85' lang='lat' dir='ltr'><strong>multos</strong></span> <span class='ocrx_word' id='word_1_204' title='bbox 1279 2506 1389 2575; x_wconf 87' lang='lat' dir='ltr'><strong>subdi·</strong></span> 
     </span>
     <span class='ocr_line' id='line_1_24' title="bbox 89 2612 1389 2703; baseline -0.005 -18"><span class='ocrx_word' id='word_1_205' title='bbox 89 2627 143 2685; x_wconf 87' lang='lat' dir='ltr'><strong>tos</strong></span> <span class='ocrx_word' id='word_1_206' title='bbox 179 2635 255 2680; x_wconf 85' lang='lat' dir='ltr'><strong>suos</strong></span> <span class='ocrx_word' id='word_1_207' title='bbox 286 2615 486 2698; x_wconf 88' lang='lat' dir='ltr'><strong>constitutos,</strong></span> <span class='ocrx_word' id='word_1_208' title='bbox 520 2637 638 2703; x_wconf 89' lang='lat' dir='ltr'><strong>nempe</strong></span> <span class='ocrx_word' id='word_1_209' title='bbox 659 2617 695 2680; x_wconf 91' lang='lat' dir='ltr'><strong>in</strong></span> <span class='ocrx_word' id='word_1_210' title='bbox 715 2614 858 2694; x_wconf 76' lang='lat' dir='ltr'><strong>Austris,</strong></span> <span class='ocrx_word' id='word_1_211' title='bbox 881 2614 1000 2703; x_wconf 84' lang='lat' dir='ltr'><strong>Styria,</strong></span> <span class='ocrx_word' id='word_1_212' title='bbox 1022 2612 1190 2680; x_wconf 77' lang='lat' dir='ltr'><strong>Corinthia</strong></span> <span class='ocrx_word' id='word_1_213' title='bbox 1210 2622 1243 2678; x_wconf 90' lang='lat' dir='ltr'><strong>et</strong></span> <span class='ocrx_word' id='word_1_214' title='bbox 1269 2613 1389 2701; x_wconf 85' lang='lat' dir='ltr'><strong>partim</strong></span> 
     </span>
     <span class='ocr_line' id='line_1_25' title="bbox 90 2718 1388 2808; baseline -0.002 -21"><span class='ocrx_word' id='word_1_215' title='bbox 90 2724 129 2788; x_wconf 90' lang='lat' dir='ltr'><strong>in</strong></span> <span class='ocrx_word' id='word_1_216' title='bbox 152 2719 300 2785; x_wconf 87' lang='lat' dir='ltr'><strong>Moravia</strong></span> <span class='ocrx_word' id='word_1_217' title='bbox 320 2719 364 2784; x_wconf 92' lang='lat' dir='ltr'><strong>ad</strong></span> <span class='ocrx_word' id='word_1_218' title='bbox 384 2718 575 2806; x_wconf 82' lang='lat' dir='ltr'><strong>Zuoymam,</strong></span> <span class='ocrx_word' id='word_1_219' title='bbox 599 2729 631 2785; x_wconf 89' lang='lat' dir='ltr'><strong>et</strong></span> <span class='ocrx_word' id='word_1_220' title='bbox 651 2719 770 2784; x_wconf 89' lang='lat' dir='ltr'><strong>ineliis</strong></span> <span class='ocrx_word' id='word_1_221' title='bbox 782 2721 848 2786; x_wconf 90' lang='lat' dir='ltr'><strong>suis</strong></span> <span class='ocrx_word' id='word_1_222' title='bbox 869 2719 1057 2807; x_wconf 85' lang='lat' dir='ltr'><strong>regionibus</strong></span> <span class='ocrx_word' id='word_1_223' title='bbox 1065 2721 1134 2787; x_wconf 85' lang='lat' dir='ltr'><strong>vita</strong></span> <span class='ocrx_word' id='word_1_224' title='bbox 1144 2720 1267 2808; x_wconf 82' lang='lat' dir='ltr'><strong>privari</strong></span> <span class='ocrx_word' id='word_1_225' title='bbox 1286 2726 1320 2787; x_wconf 73' lang='lat' dir='ltr'><strong>et</strong></span> <span class='ocrx_word' id='word_1_226' title='bbox 1339 2718 1388 2784; x_wconf 89' lang='lat' dir='ltr'><strong>iu·</strong></span> 
     </span>
     <span class='ocr_line' id='line_1_26' title="bbox 88 2823 1386 2913; baseline -0.002 -19"><span class='ocrx_word' id='word_1_227' title='bbox 88 2826 200 2893; x_wconf 87' lang='lat' dir='ltr'><strong>terimi</strong></span> <span class='ocrx_word' id='word_1_228' title='bbox 223 2825 324 2912; x_wconf 87' lang='lat' dir='ltr'><strong>jussit</strong></span> <span class='ocrx_word' id='word_1_229' title='bbox 352 2833 485 2912; x_wconf 87' lang='lat' dir='ltr'><strong>propter</strong></span> <span class='ocrx_word' id='word_1_230' title='bbox 515 2824 671 2890; x_wconf 84' lang='lat' dir='ltr'><strong>Sanctum</strong></span> <span class='ocrx_word' id='word_1_231' title='bbox 699 2824 934 2912; x_wconf 80' lang='lat' dir='ltr'><strong>Evangelium3</strong></span> <span class='ocrx_word' id='word_1_232' title='bbox 967 2823 1053 2913; x_wconf 86' lang='lat' dir='ltr'><strong>quod</strong></span> <span class='ocrx_word' id='word_1_233' title='bbox 1081 2827 1178 2892; x_wconf 89' lang='lat' dir='ltr'><strong>etiam</strong></span> <span class='ocrx_word' id='word_1_234' title='bbox 1213 2825 1386 2913; x_wconf 81' lang='lat' dir='ltr'><strong>episeopus</strong></span> 
     </span>
     <span class='ocr_line' id='line_1_27' title="bbox 88 2927 737 3015; baseline -0.005 -19"><span class='ocrx_word' id='word_1_235' title='bbox 88 2929 319 2996; x_wconf 86' lang='lat' dir='ltr'><strong>Passaviensis</strong></span> <span class='ocrx_word' id='word_1_236' title='bbox 341 2930 377 2993; x_wconf 92' lang='lat' dir='ltr'><strong>in</strong></span> <span class='ocrx_word' id='word_1_237' title='bbox 398 2951 456 2993; x_wconf 91' lang='lat' dir='ltr'><strong>suo</strong></span> <span class='ocrx_word' id='word_1_238' title='bbox 492 2927 638 2993; x_wconf 91' lang='lat' dir='ltr'><strong>dominio</strong></span> <span class='ocrx_word' id='word_1_239' title='bbox 660 2929 737 3015; x_wconf 83' lang='lat' dir='ltr'><strong>egit</strong></span> 
     </span>
    </p>

    <p class='ocr_par' dir='ltr' id='par_1_3' title="bbox 90 3033 1384 3436">
     <span class='ocr_line' id='line_1_28' title="bbox 175 3033 1384 3123; baseline -0.001 -23"><span class='ocrx_word' id='word_1_240' title='bbox 175 3033 318 3123; x_wconf 89' lang='lat' dir='ltr'><strong>Ideoque</strong></span> <span class='ocrx_word' id='word_1_241' title='bbox 338 3043 483 3101; x_wconf 88' lang='lat' dir='ltr'><strong>revertar</strong></span> <span class='ocrx_word' id='word_1_242' title='bbox 503 3034 610 3122; x_wconf 89' lang='lat' dir='ltr'><strong>potius</strong></span> <span class='ocrx_word' id='word_1_243' title='bbox 631 3033 673 3099; x_wconf 90' lang='lat' dir='ltr'><strong>ad</strong></span> <span class='ocrx_word' id='word_1_244' title='bbox 695 3035 969 3121; x_wconf 85' lang='lat' dir='ltr'><strong>expugnationem</strong></span> <span class='ocrx_word' id='word_1_245' title='bbox 999 3056 1166 3102; x_wconf 85' lang='lat' dir='ltr'><strong>romanam</strong></span> <span class='ocrx_word' id='word_1_246' title='bbox 1192 3035 1290 3123; x_wconf 83' lang='lat' dir='ltr'><strong>juxte</strong></span> <span class='ocrx_word' id='word_1_247' title='bbox 1310 3051 1384 3121; x_wconf 88' lang='lat' dir='ltr'><strong>pro·</strong></span> 
     </span>
     <span class='ocr_line' id='line_1_29' title="bbox 90 3136 1382 3228; baseline 0.002 -23"><span class='ocrx_word' id='word_1_248' title='bbox 90 3141 226 3206; x_wconf 89' lang='lat' dir='ltr'><strong>missum</strong></span> <span class='ocrx_word' id='word_1_249' title='bbox 259 3161 376 3222; x_wconf 89' lang='lat' dir='ltr'><strong>meum,</strong></span> <span class='ocrx_word' id='word_1_250' title='bbox 409 3137 669 3222; x_wconf 87' lang='lat' dir='ltr'><strong>describendam,</strong></span> <span class='ocrx_word' id='word_1_251' title='bbox 706 3140 790 3204; x_wconf 89' lang='lat' dir='ltr'><strong>sicut</strong></span> <span class='ocrx_word' id='word_1_252' title='bbox 821 3160 865 3205; x_wconf 85' lang='lat' dir='ltr'><strong>ex</strong></span> <span class='ocrx_word' id='word_1_253' title='bbox 891 3142 1110 3228; x_wconf 88' lang='lat' dir='ltr'><strong>manuscripto</strong></span> <span class='ocrx_word' id='word_1_254' title='bbox 1141 3139 1252 3221; x_wconf 85' lang='lat' dir='ltr'><strong>latino,</strong></span> <span class='ocrx_word' id='word_1_255' title='bbox 1285 3136 1382 3207; x_wconf 88' lang='lat' dir='ltr'><strong>modo</strong></span> 
     </span>
     <span class='ocr_line' id='line_1_30' title="bbox 92 3241 1384 3332; baseline -0.003 -20"><span class='ocrx_word' id='word_1_256' title='bbox 92 3255 201 3312; x_wconf 88' lang='lat' dir='ltr'><strong>autem</strong></span> <span class='ocrx_word' id='word_1_257' title='bbox 222 3246 258 3310; x_wconf 91' lang='lat' dir='ltr'><strong>in</strong></span> <span class='ocrx_word' id='word_1_258' title='bbox 278 3243 394 3309; x_wconf 89' lang='lat' dir='ltr'><strong>alienis</strong></span> <span class='ocrx_word' id='word_1_259' title='bbox 415 3245 510 3309; x_wconf 89' lang='lat' dir='ltr'><strong>terris</strong></span> <span class='ocrx_word' id='word_1_260' title='bbox 544 3245 702 3332; x_wconf 88' lang='lat' dir='ltr'><strong>impresso</strong></span> <span class='ocrx_word' id='word_1_261' title='bbox 735 3253 833 3331; x_wconf 89' lang='lat' dir='ltr'><strong>atque</strong></span> <span class='ocrx_word' id='word_1_262' title='bbox 865 3243 960 3329; x_wconf 88' lang='lat' dir='ltr'><strong>edito,</strong></span> <span class='ocrx_word' id='word_1_263' title='bbox 992 3243 1074 3310; x_wconf 92' lang='lat' dir='ltr'><strong>illud</strong></span> <span class='ocrx_word' id='word_1_264' title='bbox 1102 3241 1249 3310; x_wconf 84' lang='lat' dir='ltr'><strong>obtinere</strong></span> <span class='ocrx_word' id='word_1_265' title='bbox 1285 3243 1384 3329; x_wconf 86' lang='lat' dir='ltr'><strong>potui,</strong></span> 
     </span>
     <span class='ocr_line' id='line_1_31' title="bbox 91 3346 898 3436; baseline -0.005 -20"><span class='ocrx_word' id='word_1_266' title='bbox 91 3348 177 3436; x_wconf 91' lang='lat' dir='ltr'><strong>quod</strong></span> <span class='ocrx_word' id='word_1_267' title='bbox 199 3370 258 3436; x_wconf 93' lang='lat' dir='ltr'><strong>pro</strong></span> <span class='ocrx_word' id='word_1_268' title='bbox 281 3369 359 3414; x_wconf 89' lang='lat' dir='ltr'><strong>vero</strong></span> <span class='ocrx_word' id='word_1_269' title='bbox 380 3346 525 3431; x_wconf 89' lang='lat' dir='ltr'><strong>habetur,</strong></span> <span class='ocrx_word' id='word_1_270' title='bbox 548 3346 756 3436; x_wconf 89' lang='lat' dir='ltr'><strong>sequentibus</strong></span> <span class='ocrx_word' id='word_1_271' title='bbox 778 3347 898 3415; x_wconf 88' lang='lat' dir='ltr'><strong>verbis.</strong></span> 
     </span>
    </p>
   </div>
   <div class='ocr_carea' id='block_1_3' title="bbox 643 3555 864 3625">
    <p class='ocr_par' dir='ltr' id='par_1_4' title="bbox 643 3555 864 3625">
     <span class='ocr_line' id='line_1_32' title="bbox 643 3555 864 3625; baseline -0.018 -1"><span class='ocrx_word' id='word_1_272' title='bbox 643 3555 789 3624; x_wconf 80' lang='lat' dir='ltr'>CAPUT</span> <span class='ocrx_word' id='word_1_273' title='bbox 813 3555 864 3625; x_wconf 78' lang='lat'><strong>17.</strong></span> 
     </span>
    </p>
   </div>
   <div class='ocr_carea' id='block_1_4' title="bbox 90 3750 1390 4006">
    <p class='ocr_par' dir='ltr' id='par_1_5' title="bbox 90 3750 1390 4006">
     <span class='ocr_line' id='line_1_33' title="bbox 91 3750 1390 3832; baseline -0.002 -14"><span class='ocrx_word' id='word_1_274' title='bbox 91 3757 152 3818; x_wconf 89' lang='lat' dir='ltr'><strong>Ubi</strong></span> <span class='ocrx_word' id='word_1_275' title='bbox 175 3759 295 3815; x_wconf 83' lang='lat' dir='ltr'><strong>notetur</strong></span> <span class='ocrx_word' id='word_1_276' title='bbox 318 3755 355 3813; x_wconf 91' lang='lat' dir='ltr'><strong>de</strong></span> <span class='ocrx_word' id='word_1_277' title='bbox 387 3772 524 3815; x_wconf 70' lang='lat' dir='ltr'><strong>caesam</strong></span> <span class='ocrx_word' id='word_1_278' title='bbox 555 3753 693 3814; x_wconf 86' lang='lat' dir='ltr'><strong>exercitu</strong></span> <span class='ocrx_word' id='word_1_279' title='bbox 724 3761 753 3813; x_wconf 90' lang='lat' dir='ltr'><strong>et</strong></span> <span class='ocrx_word' id='word_1_280' title='bbox 774 3752 907 3831; x_wconf 86' lang='lat' dir='ltr'><strong>ejusdem</strong></span> <span class='ocrx_word' id='word_1_281' title='bbox 936 3751 968 3811; x_wconf 89' lang='lat' dir='ltr'><strong>in</strong></span> <span class='ocrx_word' id='word_1_282' title='bbox 988 3750 1088 3820; x_wconf 81' lang='lat' dir='ltr'><strong>Italia,</strong></span> <span class='ocrx_word' id='word_1_283' title='bbox 1125 3760 1188 3812; x_wconf 91' lang='lat' dir='ltr'><strong>tum</strong></span> <span class='ocrx_word' id='word_1_284' title='bbox 1209 3751 1390 3832; x_wconf 80' lang='lat' dir='ltr'><strong>Florentiae,</strong></span> 
     </span>
     <span class='ocr_line' id='line_1_34' title="bbox 90 3836 1387 3919; baseline -0.003 -15"><span class='ocrx_word' id='word_1_285' title='bbox 90 3853 153 3904; x_wconf 91' lang='lat' dir='ltr'><strong>tum</strong></span> <span class='ocrx_word' id='word_1_286' title='bbox 178 3843 292 3901; x_wconf 86' lang='lat' dir='ltr'><strong>Romae</strong></span> <span class='ocrx_word' id='word_1_287' title='bbox 312 3844 535 3919; x_wconf 85' lang='lat' dir='ltr'><strong>progressibus,</strong></span> <span class='ocrx_word' id='word_1_288' title='bbox 576 3850 605 3900; x_wconf 87' lang='lat' dir='ltr'><strong>et</strong></span> <span class='ocrx_word' id='word_1_289' title='bbox 625 3842 693 3900; x_wconf 88' lang='lat' dir='ltr'><strong>aliis</strong></span> <span class='ocrx_word' id='word_1_290' title='bbox 716 3836 836 3900; x_wconf 89' lang='lat' dir='ltr'><strong>casibus</strong></span> <span class='ocrx_word' id='word_1_291' title='bbox 858 3841 889 3899; x_wconf 93' lang='lat' dir='ltr'><strong>in</strong></span> <span class='ocrx_word' id='word_1_292' title='bbox 911 3840 960 3898; x_wconf 88' lang='lat' dir='ltr'><strong>via</strong></span> <span class='ocrx_word' id='word_1_293' title='bbox 982 3838 1106 3911; x_wconf 88' lang='lat' dir='ltr'><strong>exortis,</strong></span> <span class='ocrx_word' id='word_1_294' title='bbox 1128 3838 1178 3915; x_wconf 89' lang='lat' dir='ltr'><strong>qui</strong></span> <span class='ocrx_word' id='word_1_295' title='bbox 1199 3839 1323 3899; x_wconf 84' lang='lat' dir='ltr'><strong>feliciter</strong></span> <span class='ocrx_word' id='word_1_296' title='bbox 1344 3849 1387 3900; x_wconf 85' lang='lat' dir='ltr'><strong>ta·</strong></span> 
     </span>
     <span class='ocr_line' id='line_1_35' title="bbox 90 3925 1384 4006; baseline -0.005 -15"><span class='ocrx_word' id='word_1_297' title='bbox 90 3951 157 3991; x_wconf 91' lang='lat' dir='ltr'><strong>men</strong></span> <span class='ocrx_word' id='word_1_298' title='bbox 166 3948 303 3990; x_wconf 89' lang='lat' dir='ltr'><strong>caesareo</strong></span> <span class='ocrx_word' id='word_1_299' title='bbox 312 3928 455 3988; x_wconf 88' lang='lat' dir='ltr'><strong>exercitui</strong></span> <span class='ocrx_word' id='word_1_300' title='bbox 475 3929 665 4006; x_wconf 84' lang='lat' dir='ltr'><strong>contigerunt.</strong></span> <span class='ocrx_word' id='word_1_301' title='bbox 688 3925 1189 4005; x_wconf 85' lang='lat' dir='ltr'><strong>SimulquomochepeRomanos</strong></span> <span class='ocrx_word' id='word_1_302' title='bbox 1203 3925 1384 3988; x_wconf 77' lang='lat' dir='ltr'><strong>adhortetur.</strong></span> 
     </span>
    </p>
   </div>
   <div class='ocr_carea' id='block_1_5' title="bbox 91 4071 1390 4801">
    <p class='ocr_par' dir='ltr' id='par_1_6' title="bbox 91 4071 1390 4801">
     <span class='ocr_line' id='line_1_36' title="bbox 182 4071 1376 4172; baseline -0.003 -24"><span class='ocrx_word' id='word_1_303' title='bbox 182 4084 272 4149; x_wconf 91' lang='lat' dir='ltr'><strong>Dum</strong></span> <span class='ocrx_word' id='word_1_304' title='bbox 293 4084 393 4170; x_wconf 86' lang='lat' dir='ltr'><strong>igitur</strong></span> <span class='ocrx_word' id='word_1_305' title='bbox 414 4084 515 4172; x_wconf 89' lang='lat' dir='ltr'><strong>Papa,</strong></span> <span class='ocrx_word' id='word_1_306' title='bbox 546 4092 582 4149; x_wconf 88' lang='lat' dir='ltr'><strong>ut</strong></span> <span class='ocrx_word' id='word_1_307' title='bbox 596 4071 753 4148; x_wconf 66' lang='lat' dir='ltr'><strong>‘inimicus</strong></span> <span class='ocrx_word' id='word_1_308' title='bbox 776 4084 899 4148; x_wconf 88' lang='lat' dir='ltr'><strong>caesari</strong></span> <span class='ocrx_word' id='word_1_309' title='bbox 923 4105 958 4149; x_wconf 90' lang='lat' dir='ltr'><strong>se</strong></span> <span class='ocrx_word' id='word_1_310' title='bbox 980 4080 1185 4168; x_wconf 87' lang='lat' dir='ltr'><strong>opposuisset</strong></span> <span class='ocrx_word' id='word_1_311' title='bbox 1207 4085 1240 4144; x_wconf 89' lang='lat' dir='ltr'><strong>et</strong></span> <span class='ocrx_word' id='word_1_312' title='bbox 1262 4074 1376 4144; x_wconf 88' lang='lat' dir='ltr'><strong>foedus</strong></span> 
     </span>
     <span class='ocr_line' id='line_1_37' title="bbox 94 4181 1385 4275; baseline -0.008 -17"><span class='ocrx_word' id='word_1_313' title='bbox 94 4212 172 4258; x_wconf 90' lang='lat' dir='ltr'><strong>cum</strong></span> <span class='ocrx_word' id='word_1_314' title='bbox 200 4210 279 4274; x_wconf 81' lang='lat' dir='ltr'><strong>rege</strong></span> <span class='ocrx_word' id='word_1_315' title='bbox 300 4188 470 4271; x_wconf 86' lang='lat' dir='ltr'><strong>Franciae,</strong></span> <span class='ocrx_word' id='word_1_316' title='bbox 502 4188 693 4254; x_wconf 89' lang='lat' dir='ltr'><strong>Venetianis</strong></span> <span class='ocrx_word' id='word_1_317' title='bbox 723 4194 755 4252; x_wconf 88' lang='lat' dir='ltr'><strong>et</strong></span> <span class='ocrx_word' id='word_1_318' title='bbox 782 4186 855 4253; x_wconf 90' lang='lat' dir='ltr'><strong>aliis</strong></span> <span class='ocrx_word' id='word_1_319' title='bbox 885 4186 1038 4275; x_wconf 90' lang='lat' dir='ltr'><strong>potentiis</strong></span> <span class='ocrx_word' id='word_1_320' title='bbox 1061 4184 1221 4266; x_wconf 86' lang='lat' dir='ltr'><strong>inivisset,</strong></span> <span class='ocrx_word' id='word_1_321' title='bbox 1253 4181 1385 4270; x_wconf 87' lang='lat' dir='ltr'><strong>publice</strong></span> 
     </span>
     <span class='ocr_line' id='line_1_38' title="bbox 91 4284 1386 4380; baseline -0.007 -20"><span class='ocrx_word' id='word_1_322' title='bbox 91 4296 194 4360; x_wconf 91' lang='lat' dir='ltr'><strong>etiam</strong></span> <span class='ocrx_word' id='word_1_323' title='bbox 215 4293 417 4379; x_wconf 88' lang='lat' dir='ltr'><strong>promittens,</strong></span> <span class='ocrx_word' id='word_1_324' title='bbox 441 4292 527 4380; x_wconf 90' lang='lat' dir='ltr'><strong>quod</strong></span> <span class='ocrx_word' id='word_1_325' title='bbox 548 4314 623 4374; x_wconf 90' lang='lat' dir='ltr'><strong>non,</strong></span> <span class='ocrx_word' id='word_1_326' title='bbox 658 4300 694 4356; x_wconf 89' lang='lat' dir='ltr'><strong>ut</strong></span> <span class='ocrx_word' id='word_1_327' title='bbox 714 4289 795 4355; x_wconf 87' lang='lat' dir='ltr'><strong>alias</strong></span> <span class='ocrx_word' id='word_1_328' title='bbox 817 4313 877 4378; x_wconf 90' lang='lat' dir='ltr'><strong>per</strong></span> <span class='ocrx_word' id='word_1_329' title='bbox 898 4291 1041 4378; x_wconf 87' lang='lat' dir='ltr'><strong>legatum</strong></span> <span class='ocrx_word' id='word_1_330' title='bbox 1071 4294 1167 4376; x_wconf 85' lang='lat' dir='ltr'><strong>ag&#39;ere</strong></span> <span class='ocrx_word' id='word_1_331' title='bbox 1205 4285 1294 4370; x_wconf 88' lang='lat' dir='ltr'><strong>velit,</strong></span> <span class='ocrx_word' id='word_1_332' title='bbox 1329 4284 1386 4352; x_wconf 90' lang='lat' dir='ltr'><strong>sed</strong></span> 
     </span>
     <span class='ocr_line' id='line_1_39' title="bbox 94 4394 1390 4489; baseline -0.008 -23"><span class='ocrx_word' id='word_1_333' title='bbox 94 4402 238 4489; x_wconf 88' lang='lat' dir='ltr'><strong>ipsemet</strong></span> <span class='ocrx_word' id='word_1_334' title='bbox 258 4396 473 4485; x_wconf 88' lang='lat' dir='ltr'><strong>personaliter</strong></span> <span class='ocrx_word' id='word_1_335' title='bbox 495 4395 537 4461; x_wconf 88' lang='lat' dir='ltr'><strong>ad</strong></span> <span class='ocrx_word' id='word_1_336' title='bbox 559 4403 665 4460; x_wconf 88' lang='lat' dir='ltr'><strong>castra</strong></span> <span class='ocrx_word' id='word_1_337' title='bbox 697 4395 808 4460; x_wconf 88' lang='lat' dir='ltr'><strong>venire</strong></span> <span class='ocrx_word' id='word_1_338' title='bbox 840 4404 873 4461; x_wconf 92' lang='lat' dir='ltr'><strong>et</strong></span> <span class='ocrx_word' id='word_1_339' title='bbox 896 4404 1007 4460; x_wconf 88' lang='lat' dir='ltr'><strong>contra</strong></span> <span class='ocrx_word' id='word_1_340' title='bbox 1027 4394 1204 4480; x_wconf 87' lang='lat' dir='ltr'><strong>potentiam</strong></span> <span class='ocrx_word' id='word_1_341' title='bbox 1239 4410 1390 4477; x_wconf 82' lang='lat' dir='ltr'><strong>magnam</strong></span> 
     </span>
     <span class='ocr_line' id='line_1_40' title="bbox 98 4498 1390 4592; baseline -0.009 -22"><span class='ocrx_word' id='word_1_342' title='bbox 98 4504 305 4592; x_wconf 88' lang='lat' dir='ltr'><strong>imp&#39;eratoris</strong></span> <span class='ocrx_word' id='word_1_343' title='bbox 328 4501 449 4567; x_wconf 90' lang='lat' dir='ltr'><strong>bellum</strong></span> <span class='ocrx_word' id='word_1_344' title='bbox 472 4523 585 4588; x_wconf 85' lang='lat' dir='ltr'><strong>gerere</strong></span> <span class='ocrx_word' id='word_1_345' title='bbox 606 4498 762 4565; x_wconf 87' lang='lat' dir='ltr'><strong>intendet</strong></span> <span class='ocrx_word' id='word_1_346' title='bbox 798 4498 920 4587; x_wconf 81' lang='lat' dir='ltr'><strong>Copiae</strong></span> <span class='ocrx_word' id='word_1_347' title='bbox 952 4507 1058 4565; x_wconf 80' lang='lat' dir='ltr'><strong>autern</strong></span> <span class='ocrx_word' id='word_1_348' title='bbox 1094 4515 1276 4573; x_wconf 80' lang='lat' dir='ltr'><strong>caesareae,</strong></span> <span class='ocrx_word' id='word_1_349' title='bbox 1308 4514 1390 4584; x_wconf 85' lang='lat' dir='ltr'><strong>quae</strong></span> 
     </span>
     <span class='ocr_line' id='line_1_41' title="bbox 97 4599 1388 4690; baseline -0.011 -13"><span class='ocrx_word' id='word_1_350' title='bbox 97 4611 141 4677; x_wconf 88' lang='lat' dir='ltr'><strong>ab</strong></span> <span class='ocrx_word' id='word_1_351' title='bbox 165 4606 315 4674; x_wconf 81' lang='lat' dir='ltr'><strong>insubria</strong></span> <span class='ocrx_word' id='word_1_352' title='bbox 325 4604 524 4673; x_wconf 86' lang='lat' dir='ltr'><strong>Florentiam</strong></span> <span class='ocrx_word' id='word_1_353' title='bbox 536 4627 648 4672; x_wconf 87' lang='lat' dir='ltr'><strong>versus</strong></span> <span class='ocrx_word' id='word_1_354' title='bbox 672 4614 704 4670; x_wconf 90' lang='lat' dir='ltr'><strong>et</strong></span> <span class='ocrx_word' id='word_1_355' title='bbox 717 4604 917 4672; x_wconf 83' lang='lat' dir='ltr'><strong>Favenoium</strong></span> <span class='ocrx_word' id='word_1_356' title='bbox 932 4603 1142 4687; x_wconf 85' lang='lat' dir='ltr'><strong>advenerunt,</strong></span> <span class='ocrx_word' id='word_1_357' title='bbox 1167 4600 1325 4690; x_wconf 84' lang='lat' dir='ltr'><strong>superatis</strong></span> <span class='ocrx_word' id='word_1_358' title='bbox 1354 4599 1388 4664; x_wconf 88' lang='lat' dir='ltr'><strong>in</strong></span> 
     </span>
     <span class='ocr_line' id='line_1_42' title="bbox 98 4706 1386 4801; baseline -0.012 -17"><span class='ocrx_word' id='word_1_359' title='bbox 98 4716 158 4784; x_wconf 82' lang='lat' dir='ltr'><strong>via</strong></span> <span class='ocrx_word' id='word_1_360' title='bbox 178 4712 288 4781; x_wconf 87' lang='lat' dir='ltr'><strong>multis</strong></span> <span class='ocrx_word' id='word_1_361' title='bbox 310 4710 465 4801; x_wconf 83' lang='lat' dir='ltr'><strong>perieulis</strong></span> <span class='ocrx_word' id='word_1_362' title='bbox 488 4719 521 4779; x_wconf 88' lang='lat' dir='ltr'><strong>et</strong></span> <span class='ocrx_word' id='word_1_363' title='bbox 541 4707 802 4794; x_wconf 82' lang='lat' dir='ltr'><strong>adversitatibus,</strong></span> <span class='ocrx_word' id='word_1_364' title='bbox 824 4711 1017 4799; x_wconf 88' lang='lat' dir='ltr'><strong>praesertim</strong></span> <span class='ocrx_word' id='word_1_365' title='bbox 1039 4708 1080 4778; x_wconf 93' lang='lat' dir='ltr'><strong>ob</strong></span> <span class='ocrx_word' id='word_1_366' title='bbox 1103 4706 1386 4778; x_wconf 80' lang='lat' dir='ltr'><strong>defectum-anuo·</strong></span> 
     </span>
    </p>
   </div>
   <div class='ocr_carea' id='block_1_6' title="bbox 0 0 1484 5086">
    <p class='ocr_par' dir='ltr' id='par_1_7' title="bbox 0 0 1484 5086">
     <span class='ocr_line' id='line_1_43' title="bbox 0 0 1484 5086; baseline 0 0"><span class='ocrx_word' id='word_1_367' title='bbox 0 0 1484 5086; x_wconf 95' lang='lat' dir='ltr'><strong> </strong></span> 
     </span>
    </p>
   </div>
  </div>
 </body>
</html>
