2946 5086
1309 208 1372 277 lte

82 386 204 454 allatae
226 384 369 461 fuerunt,
391 389 562 472 praesente
583 379 690 447 adhuc
709 378 824 446 Budas
846 366 1150 465 magistro'Passek
1173 381 1206 443 et
1226 376 1300 443 aliis
1314 375 1373 444 ab·

82 490 210 578 legatis,
244 490 300 578 qui
322 502 435 556 'coram
452 510 530 574 rege
550 487 670 553 Joanni
681 485 834 552 Hlawsae
856 491 889 550 et
905 483 1035 551 Schorff
1052 484 1156 550 ferme·
1175 480 1372 570 respondere

83 605 116 662 et
137 595 269 683 obloqui
283 616 350 659 non
371 591 589 676 ausifuerunt,
613 591 769 673 dicentes,
783 589 1018 656 semandatum
1032 589 1128 678 hujus
1150 609 1217 654 non
1238 584 1372 652 habere.

83 700 122 766 In
144 698 263 788 quibus
285 699 388 765 literis
408 720 470 764 rex
490 699 525 762 in
547 697 634 764 hunc
656 718 787 763 sensum
820 694 1029 783 expluribus
1051 693 1161 762 verbis
1184 690 1372 778 excerptum

85 806 235 893 inprimis
257 804 397 892 principi
421 810 453 869 et
475 803 604 870 domino
626 802 705 868 Lew
728 799 860 885 scribit3
884 798 971 888 quod
993 798 1116 867 eisdem
1138 800 1256 867 -adhnc
1285 796 1392 887 apud·

84 909 290 997 Majestatem
323 907 421 975 Suam
442 907 579 993 Regiam
599 906 714 973 Budas
748 904 972 990 existentibus,
1007 905 1151 973 Joannes
1173 907 1309 974 Hlawsa
1341 914 1374 975 et

85 1013 217 1079 Schorff
235 1035 309 1081 cum
332 1010 526 1101 quibusdam
546 1008 884 1098 Mimo-Pragensibus
907 1031 950 1077 ex
971 1008 1133 1097 Pragensi
1155 1013 1287 1078 civitate
1315 1034 1372 1077 rc·
1457 1062 1461 1071 .

84 1117 211 1204 legatis,
233 1117 452 1184 innocentiam
473 1138 565 1183 suam
585 1116 831 1199 insinuaverint,
852 1122 1004 1202 rogantes
1036 1138 1095 1204 per
1116 1116 1373 1184 misericordiam

85 1221 255 1305 Altissimi,
278 1231 314 1287 ut
334 1204 533 1289 audientiam
555 1220 701 1288 obtinere
721 1221 856 1309 possint,
888 1218 1110 1309 supplicantes
1141 1221 1247 1303 etiam,
1281 1227 1317 1285 ut
1337 1218 1373 1284 in

85 1326 182 1394 bonis
213 1328 279 1392 suis
302 1348 376 1393 cnm
396 1327 552 1393 uxoribus
575 1335 609 1391 et
628 1325 740 1392 liberis
752 1326 938 1395 conservari
961 1334 993 1390 et
1007 1325 1161 1391 alimenta
1184 1347 1242 1389 sua
1265 1345 1367 1413 quae-

86 1454 159 1497 rere
171 1452 211 1496 ac
223 1432 458 1518 negotiationes
480 1453 555 1498 snas
578 1442 730 1497 exercere
752 1431 886 1516 possint,
910 1437 944 1495 et
964 1429 992 1494 si
1014 1429 1085 1516 quis
1101 1449 1156 1493 eos
1178 1429 1211 1520 in
1233 1451 1269 1493 re
1293 1450 1372 1516 qua-

87 1536 164 1602 dam
187 1535 319 1623 culpare
339 1536 448 1619 vellet,
471 1535 558 1624 quod
579 1558 599 1601 a
620 1535 687 1622 Sua
706 1535 877 1622 Majestate
898 1534 1011 1620 Regia,
1042 1540 1074 1599 et
1095 1532 1240 1620 ejusdem
1262 1535 1370 1600 consi-

86 1641 191 1707 liariis
214 1649 337 1707 tantum
359 1641 464 1708 audiri
489 1650 521 1706 et
548 1640 690 1730 judicari
731 1637 834 1707 velint
866 1637 920 1729 vel
947 1637 1083 1727 apleno
1106 1644 1210 1703 terrae
1237 1637 1374 1726 judicio,

86 1755 144 1811 aut
167 1747 265 1813 etiam
286 1768 307 1811 a
329 1749 396 1812 solo
419 1753 504 1812 statu
526 1745 625 1828 civili,
647 1754 680 1812 et
712 1745 741 1810 si
768 1743 902 1831 aliquod
923 1743 1044 1809 malum
1066 1750 1099 1808 et
1120 1728 1307 1830 perversum
1328 1744 1372 1811 de

85 1850 162 1921 illis,
176 1849 349 1936 probatum
369 1850 477 1934 fuerit,
508 1872 544 1916 se
567 1849 756 1931 submittere
779 1858 812 1916 et
831 1848 955 1915 nullam
976 1868 1115 1935 poenam
1138 1847 1240 1914 vitare
1262 1849 1374 1921 velint

86 1954 250 2043 Adeoque
282 1954 369 2043 quod
398 1977 466 2020 rem
502 1955 587 2021 hanc
619 1948 685 2022 illis
722 1952 849 2020 duobus
871 1942 938 2019 Sua
958 1951 1303 2039 Majestascommittat
1339 1965 1372 2022 et

86 2058 232 2141 mandet,
254 2068 290 2124 ut
312 2059 382 2126 sine
406 2059 493 2124 omni
515 2058 671 2125 dilatione
693 2065 894 2124 assumentes
915 2055 1022 2122 adhuc
1037 2055 1192 2143 quosdam
1202 2081 1389 2146 procerum⁴

88 2173 191 2230 status
216 2165 374 2251 equestris
397 2172 428 2228 et
453 2162 559 2231 civilis
580 2185 748 2252 personas,
770 2161 846 2228 huic
867 2162 916 2227 rei
937 2159 1116 2244 intendant,
1139 2172 1171 2227 et
1191 2164 1277 2229 inter
1296 2187 1373 2253 par·

88 2277 138 2335 tes
161 2276 316 2356 utrasque
337 2267 511 2354 diligenter
533 2277 566 2334 et
587 2266 802 2335 amicabiliter
823 2262 931 2354 agant,
954 2274 990 2332 ut
1011 2260 1123 2332 omnes
1152 2265 1374 2336 dissensiones

90 2382 123 2439 et
144 2371 348 2456 inimicitiae,
372 2395 455 2460 quae
476 2372 656 2441 interillos
685 2380 864 2455 versantur,
897 2371 1087 2460 quantocius
1117 2368 1226 2437 debite
1248 2382 1376 2462 compat

90 2486 220 2555 uantur,
254 2475 516 2566 dissidentesque
548 2480 584 2545 in
619 2478 808 2546 charitatem
845 2484 877 2542 et
910 2474 1032 2542 bonnm
1064 2474 1162 2539 finem
1185 2476 1376 2563 perducant,

91 2581 135 2646 ita
157 2589 193 2647 nt
213 2579 264 2647 illi
285 2582 422 2668 relegati
444 2592 518 2669 post
545 2582 646 2649 talem
666 2580 872 2650 amicabilem
906 2579 1171 2666 compositionem
1204 2580 1313 2668 quiete
1345 2592 1380 2651 et

91 2685 229 2773 pacifice
238 2684 423 2753 inhabitare
433 2695 465 2753 et
475 2687 712 2772 negotiationes
724 2709 798 2755 suas
806 2693 944 2752 tractare
954 2684 1089 2772 possint,
1099 2705 1172 2748 oum
1182 2683 1231 2752 illi
1238 2688 1379 2779 etiamne

93 2789 320 2858 submittentes
332 2812 390 2857 suo
404 2791 579 2859 etaliorum
592 2791 695 2859 verbo
706 2776 908 2880 promittant,
916 2787 1002 2877 quod
1014 2810 1088 2854 cum
1100 2789 1250 2856 omnibus
1259 2791 1378 2859 incolis

91 2893 310 2981 Pragensibus
330 2896 365 2959 in
380 2894 536 2962 charitate
547 2895 763 2962 etooncordia
773 2912 992 2983 perseverare,
1005 2899 1038 2957 et
1058 2890 1180 2959 nullam
1200 2896 1379 2963 vindictam

92 3008 123 3066 et
137 2998 310 3066 tumultum
331 3008 490 3066 attentare
503 3000 621 3086 velint3
644 3002 710 3067 imo
726 3001 753 3066 si
764 2996 887 3088 aliquid
904 2997 1009 3063 simile
1026 2999 1170 3085 oriretur,
1194 3000 1380 3069 omnimode

91 3102 268 3171 defendere
288 3105 478 3189 intendant3
500 3103 689 3173 aberrantes
711 3127 732 3170 a
751 3104 816 3170 fide
839 3103 925 3192 quod
963 3103 1059 3169 etiam
1092 3126 1157 3171 non
1180 3107 1254 3173 sint.
1285 3105 1379 3172 Haec

92 3207 203 3273 omnia
226 3208 358 3274 efficere
379 3208 560 3277 debuerunt
582 3210 735 3298 princeps
758 3216 791 3278 et
812 3206 963 3274 dominus
984 3204 1064 3272 Lew
1094 3229 1197 3298 usque
1227 3209 1270 3275 ad
1292 3209 1379 3279 diem

91 3311 125 3379 S.
146 3311 269 3389 Jacobi
286 3321 364 3380 nmo
396 3315 546 3403 proxime
566 3322 748 3382 venturum.
796 3311 928 3378 Interea
948 3331 1026 3377 vero
1049 3314 1210 3403 temporis
1225 3313 1379 3402 quamdiu

93 3416 178 3485 haec
211 3427 359 3505 agentur,
393 3419 557 3485 consensit
590 3441 661 3503 rex,
685 3426 721 3483 nt
743 3415 855 3483 exules
878 3417 967 3481 circa
998 3417 1137 3505 Pragam
1157 3420 1192 3484 in
1214 3418 1323 3485 fundis
1346 3427 1380 3485 et

90 3522 189 3595 bonis
212 3523 288 3606 suis,
311 3523 346 3588 in
367 3520 470 3589 hortis
492 3531 548 3589 ant
568 3523 685 3606 vineis,
709 3518 863 3609 quamdiu
884 3541 937 3603 res
961 3524 1140 3610 composita
1162 3531 1194 3588 et
1216 3523 1257 3588 ad
1279 3524 1378 3590 finem

92 3626 253 3720 perducta
274 3649 340 3693 non
361 3627 468 3711 fuerit,
489 3627 592 3696 libere
614 3625 763 3694 habitare
784 3625 920 3714 possint,
943 3624 1040 3691 etiam
1059 3649 1167 3694 arcem
1178 3627 1377 3714 Pragensem

89 3755 149 3822 pro
181 3732 430 3801 necessitatibus
463 3735 530 3799 suis
562 3731 692 3820 ingredi
720 3731 786 3798 illis
819 3728 944 3798 licitum
978 3730 1029 3814 sit,
1065 3732 1146 3797 etsi
1180 3733 1236 3821 qui
1256 3731 1375 3801 fundos

90 3859 167 3905 suos
190 3846 225 3903 et
244 3837 333 3905 bona·
351 3859 453 3926 prope
474 3838 611 3925 Pragam
635 3858 701 3903 non
724 3835 873 3918 habeant,
906 3833 994 3922 apud
1023 3836 1144 3902 amicos
1178 3859 1253 3904 suos
1291 3837 1377 3905 circa

91 3943 258 4009 civitatem
292 3963 326 4006 se
349 3940 524 4010 detineant.
568 3940 606 4008 si
625 3963 704 4007 vero
716 3939 955 4007 controversiae
966 3937 1028 4003 hae
1039 3943 1190 4027 componi
1203 3965 1268 4009 non
1289 3943 1378 4010 vale·

92 4055 176 4130 rent,
210 4053 278 4111 turn
300 4068 354 4112 res
374 4045 451 4112 illae
472 4045 691 4134 adjudicium
721 4045 875 4110 devenire
898 4041 1047 4122 debeant,
1070 4042 1110 4108 de
1133 4045 1250 4133 quibus
1281 4050 1378 4117 etiam

91 4174 127 4218 se
147 4149 235 4219 velle
270 4150 489 4238 Pragensibus
512 4149 665 4217 scribere.
707 4149 831 4214 Datum
866 4147 979 4213 Budae
1013 4147 1067 4215 die
1099 4147 1257 4218 Sabbathi
1293 4154 1377 4222 festo

91 4256 229 4323 Joannis
261 4255 440 4344 Baptistae,
474 4278 559 4329 anno
595 4265 656 4322 etc.
685 4257 737 4324 25.
766 4256 985 4342 Progensibns
1014 4253 1143 4322 tandem
1183 4279 1244 4325 rex
1277 4263 1375 4329 etiam

96 4361 229 4450 scripsit
248 4362 284 4426 in
305 4361 390 4428 hunc
413 4383 553 4444 sensum,
577 4360 774 4448 significans,
798 4360 885 4448 quod
906 4363 1117 4428 necessitates
1139 4361 1220 4427 tales
1238 4369 1375 4434 commi·

94 4467 174 4533 serit
193 4464 336 4553 principi
358 4474 391 4531 et
412 4465 543 4557 domino
564 4465 653 4548 Lew,
676 4464 907 4551 admonuitque
927 4465 1001 4534 illos
1023 4489 1145 4551 omnes,
1168 4475 1204 4533 ut
1224 4466 1266 4534 ad
1288 4468 1376 4541 hunc

91 4580 202 4639 actum
223 4568 420 4658 obsequiosa
441 4579 659 4659 compareant,
683 4579 716 4636 et
737 4572 963 4659 compositioni
990 4571 1156 4639 accedant.
1369 4584 1372 4589 ’

179 4674 285 4742 Simul
307 4675 431 4743 eisdem
451 4675 638 4759 insinuavit,
661 4673 748 4765 quod
768 4675 855 4742 intra
875 4685 1002 4766 tempus
1014 4677 1110 4766 hujus
1132 4676 1265 4745 actionis
1277 4675 1375 4746 liber·

91 4789 193 4861 tatem
207 4782 210 4787 ’
225 4779 292 4851 illis
325 4780 477 4853 exulibus
510 4779 640 4868 tribuat,
674 4778 841 4851 habitandi
874 4782 962 4855 ensa
990 4782 1139 4872 Fugam,
1163 4782 1230 4886 'ubi
1250 4783 1384 4871 votum·
