2946 5086
1338 168 1383 238 85

91 345 202 432 potnit,
233 341 444 411 consulentes
476 363 512 425 se
540 343 682 410 invicem
706 342 824 407 'contra
855 351 925 419 nos,
960 350 993 408 et
1016 339 1273 408 -conscribentes
1304 339 1379 425 sibi,

91 471 302 538 quaecunque
324 449 531 538 placuerunt3
566 447 660 514 nobis
689 469 766 514 vero
799 468 852 511 res
875 469 994 534 magna¹
1014 446 1100 514 faeta
1123 455 1172 512 est
1205 454 1238 511 et
1270 445 1379 512 adhue

91 556 247 622 imminet.
293 555 499 644 Quapropter
526 554 692 620 humiliter
719 574 881 640 rogamus,
910 561 946 617 ut
966 574 1026 626 nos
1048 551 1227 638 dignemini
1264 573 1306 617 ex
1327 551 1379 617 bis

92 661 274 726 carceribus
319 661 498 745 dimittere,
545 669 580 724 ut
609 661 654 725 ita
682 659 721 724 in
750 657 898 724 libertate
930 666 963 722 et
996 659 1104 723 animo
1140 658 1297 746 pacatiori
1336 655 1379 722 de

91 765 163 849 illis,
187 788 271 853 quae
293 766 388 859 nobis
410 764 597 832 necessaria
619 772 702 848 sunt,
734 763 837 830 libere
859 761 1008 850 colloqui,
1045 772 1077 828 et
1100 784 1139 827 ea
1170 754 1376 829 conscribere

91 871 276 956 valeamus3
300 870 508 937 considerare
532 869 628 935 simul
649 868 839 956 dignemini,
875 889 972 956 quam
985 867 1105 964 'miseri
1136 876 1169 932 et
1190 864 1376 931 afflictioni·

91 976 148 1042 bus
162 976 347 1066 consumpti
364 979 473 1058 simus,
496 975 793 1042 utob'debilitatem
814 975 873 1040 vix
894 981 980 1038 stare
999 992 1169 1060 queamus;
1192 970 1376 1036 nullatenus

89 1104 163 1147 vero
187 1081 255 1148 Sua
276 1081 441 1147 Serenitas
464 1079 585 1164 credat,
608 1079 694 1168 quod
715 1102 736 1145 a
757 1078 852 1145 bonis
873 1078 1002 1160 nostris,
1036 1075 1194 1177 uxoribus
1208 1090 1211 1101 ’
1224 1084 1257 1141 et
1278 1073 1376 1163 proli·

90 1185 148 1250 bus
171 1185 236 1251 alio
258 1183 427 1251 discedere
454 1184 669 1267 intendamus,
704 1193 736 1249 et
760 1186 806 1249 ita
827 1204 893 1248 nos
907 1203 981 1247 reos
1003 1179 1140 1246 reddere
1169 1178 1373 1263 deberemus,

92 1290 146 1355 sed
167 1298 362 1375 constanter,
386 1291 521 1356 utboni
543 1299 574 1356 et
589 1290 737 1357 homines
759 1290 948 1354 innocentes
969 1284 1261 1376 perseverabimus,
1284 1282 1374 1348 illius

91 1395 183 1461 valde
212 1394 333 1484 cupidi,
364 1404 399 1460 ut
420 1396 639 1462 innocentiam
669 1402 813 1460 nostram
835 1395 1101 1474 demonstremus,
1135 1397 1231 1478 prout
1256 1386 1374 1454 Vestra

92 1498 252 1566 serenitas
274 1521 353 1567 vere
374 1521 554 1589 agnoscere
576 1501 705 1589 poterit,
727 1520 786 1565 nos
806 1500 1002 1565 ¹innocentes
1025 1518 1108 1562 esse.

170 1603 225 1669 Ad
259 1603 364 1695 talem·
390 1607 580 1694 petitionem
622 1605 895 1671 incarceratorum
927 1604 1079 1693 princeps
1113 1621 1252 1688 sequens
1281 1594 1378 1662 dedit
1454 1615 1457 1621 ’

90 1720 299 1798 responsum:
335 1708 377 1774 ad
408 1710 676 1798 supplicationem
698 1702 848 1776 'vennam
884 1708 1046 1775 lubentes
1061 1707 1252 1787 faceremus,
1293 1703 1381 1791 quod

92 1814 183 1881 nobis
204 1814 363 1903 possibile
386 1824 485 1900 esset;
508 1817 622 1890 verum
644 1812 734 1898 illud,
757 1813 845 1901 quod
866 1806 988 1902 petitis,
1016 1811 1110 1879 nobis
1132 1810 1217 1876 ultra
1245 1806 1377 1874 manda·

91 1927 154 1986 tum
184 1919 272 1986 Suae
293 1919 415 2006 Regiae
435 1919 615 2010 Majestatis
653 1920 771 2006 exequi
790 1916 992 2006 impossibile
1015 1924 1074 1982 est.
1109 1914 1146 1982 Si
1177 1936 1255 1994 vero
1278 1913 1378 1980 vultis

90 2046 200 2111 rogare
238 2023 385 2090 dominos
406 2025 598 2111 Pragenses,
621 2035 657 2092 ut
678 2049 736 2092 vos
760 2048 803 2092 ex
825 2024 1008 2108 carceribus
1031 2024 1202 2107 dimittant,
1224 2022 1259 2088 id
1280 2043 1379 2109 agere

89 2129 241 2215 poterin’s,
274 2151 334 2195 nos
357 2128 453 2195 simul
474 2152 533 2219 pro
554 2132 785 2197 intercessione
808 2123 1002 2213 adhibendo,
1026 2129 1112 2217 quod
1144 2128 1293 2194 lubentes
1329 2126 1379 2192 fa·

89 2235 217 2299 ciemus.
274 2233 329 2299 Ad
365 2234 446 2300 haec
482 2236 674 2301 incarcerati
711 2257 851 2324 sequens
876 2234 1010 2301 'dedere
1045 2255 1256 2322 responsum:
1293 2231 1379 2299 Illud

89 2360 180 2425 agere
216 2347 249 2404 et
269 2347 396 2427 partem
431 2339 525 2406 nobis
547 2340 718 2407 adversam
740 2341 876 2429 precari,
899 2339 1053 2429 possibile
1075 2361 1141 2404 non
1164 2346 1222 2420 eat,
1245 2335 1380 2425 perinde

89 2445 170 2508 enim
206 2465 267 2508 nos
303 2464 376 2508 reos
399 2465 471 2509 esse
500 2443 806 2528 demonstraremus,
841 2447 897 2532 qui
918 2453 1026 2509 tamen
1048 2444 1097 2509 rei
1119 2441 1304 2508 nullatenus
1327 2464 1378 2507 su-

88 2570 175 2633 mus3
215 2544 362 2612 adhaec
398 2547 540 2633 accedit,
579 2549 665 2636 quod
695 2572 760 2614 non
793 2549 1016 2635 Pragensium,
1040 2547 1098 2614 sed
1130 2547 1219 2632 regis
1256 2546 1378 2634 captivi

89 2654 198 2729 simus,
232 2650 299 2716 Sua
325 2673 403 2718 vero
426 2652 592 2718 Serenitas
614 2653 667 2719 hic
689 2640 796 2719 locum
818 2641 907 2720 tenet
929 2652 1014 2720 Suae
1036 2652 1158 2740 Regiae
1179 2651 1380 2740 Majestatis3

86 2756 221 2844 ideoque
232 2755 331 2822 Suam
354 2755 568 2822 Serenitatem
591 2754 752 2843 rogamus,
776 2765 934 2846 quatenus
957 2758 998 2825 ob
1006 2767 1072 2824 tam
1093 2779 1244 2847 magnam
1266 2777 1378 2823 neces·

86 2862 210 2927 sitatem
239 2869 383 2926 nostram
416 2860 457 2927 ab
499 2861 561 2927 hoc
584 2883 715 2928 carcere
744 2863 878 2930 liberari
900 2886 1083 2953 possemus,
1103 2865 1160 2952 qui
1181 2863 1224 2928 ad
1246 2861 1379 2927 demon·

85 2965 248 3031 strandum
269 2965 488 3032 innocentiam
510 2959 669 3032 nostram
690 2976 727 3034 ut
748 2969 938 3035 innocentes
960 2969 1052 3035 nullo
1075 2967 1274 3036 discedendo
1306 2989 1377 3055 per·

88 3070 320 3138 severabimus.
741 3074 747 3081 '
894 3128 897 3133 .

163 3175 245 3240 Post
266 3173 348 3240 haec
383 3175 491 3240 omnia
513 3174 591 3240 dum
622 3175 706 3241 nihil
738 3179 914 3265 impetrare
946 3168 1138 3265 potuissent,
1175 3179 1377 3264 assignatum
1450 3190 1456 3214 ‘

81 3385 143 3450 illis
167 3386 355 3450 necessaria
376 3393 460 3469 sunt,
485 3384 691 3451 conscribere
713 3387 848 3474 possint,
871 3396 1064 3474 atque-cum
1096 3386 1147 3452 his
1170 3385 1319 3452 omnibns
1340 3387 1377 3451 in

83 3492 235 3572 crastino,
258 3488 292 3554 id
316 3480 365 3556 es‘t
387 3489 441 3556 die
463 3491 584 3574 martis,
607 3493 711 3578 parati
735 3493 809 3558 sint.

165 3593 323 3682 Sequenti
344 3617 422 3661 vero
442 3593 499 3660 die
535 3597 647 3660 martis
668 3596 813 3662 Joannes
835 3595 977 3680 Hlawsa,
1001 3604 1033 3662 et
1054 3593 1209 3662 Nicolaus
1247 3593 1378 3660 Schorff

81 3722 122 3765 ex
143 3698 296 3764 mandato
330 3700 487 3787 principis
509 3699 551 3765 ad
574 3709 721 3766 senatum
744 3703 923 3768 intromissi
934 3687 1026 3785 sunt,
1050 3722 1115 3767 una
1137 3723 1211 3767 cum
1233 3703 1372 3789 captivis

83 3803 299 3891 supradictis,
333 3813 429 3891 atque
466 3805 609 3872 invicem
646 3808 885 3894 conspicientes
908 3829 1017 3873 coram
1039 3808 1188 3895 principe
1211 3816 1243 3873 et
1265 3811 1376 3876 civita

79 3917 145 3973 tum
167 3906 327 3993 ablegatis
362 3908 615 3996 lacrymantibus
639 3909 740 3975 oculis
768 3910 910 3979 invicem
932 3912 1111 3978 salutarunt
1143 3922 1176 3977 et
1209 3912 1374 3981 beneven·

80 4021 196 4078 tarunt.
241 4011 388 4077 Tandem
410 4013 538 4079 articuli
559 4037 580 4080 a
601 4004 823 4100 Pragensibus
856 4019 891 4081 in
914 4014 1061 4084 absentia
1094 4019 1223 4085 illorum
1257 4019 1376 4108 prolati

80 4140 100 4182 a
130 4118 282 4205 principe
307 4117 373 4182 illis
394 4118 552 4184 notificati
574 4120 712 4198 fuerunt,
734 4119 776 4184 ad
800 4143 880 4208 quos
903 4123 1057 4188 articulos
1079 4124 1312 4212 respondentes
1327 4127 1376 4191 in·

80 4223 184 4306 simul,
207 4223 254 4287 ita
275 4221 442 4288 dixerunt:
474 4223 688 4290 Serenissime
710 4227 878 4312 princeps,
902 4235 935 4292 et
956 4226 1080 4293 domini
1113 4229 1254 4314 ablegati
1287 4230 1370 4295 caril

77 4327 222 4393 Difficile
256 4327 351 4393 nobis
382 4326 479 4401 valde
513 4337 571 4413 est,
609 4328 651 4394 ad
673 4337 720 4394 tot
740 4329 892 4394 articulos
927 4331 997 4397 sine
1020 4335 1153 4420 praevia
1175 4355 1272 4421 super
1298 4333 1371 4399 illes

77 4433 315 4500 deliberatione
336 4435 557 4522 respondere;
580 4435 735 4500 memoria
759 4435 845 4500 enim
868 4444 978 4500 nostra
1000 4436 1073 4502 illos
1097 4424 1371 4525 comprehendere

81 4561 149 4605 non
180 4547 298 4626 potest,
338 4538 476 4627 ideoque
498 4540 647 4606 Vestram
672 4540 885 4606 Serenitatem
908 4560 1069 4633 rogamus,
1084 4549 1254 4629 'quatenus
1274 4541 1369 4607 nobis

76 4644 236 4731 descripti
258 4642 423 4712 darentur.
451 4645 632 4734 Respondit
652 4647 824 4735 princeps:
842 4645 914 4732 jam
937 4638 1062 4733 tempus
1085 4646 1220 4732 adesse,
1244 4650 1271 4714 si
1295 4644 1373 4734 quid

74 4748 169 4837 loqui
190 4746 314 4833 volunt,
336 4756 376 4816 ut
392 4759 582 4838 proponant.
626 4751 704 4819 Post
726 4760 792 4819 tam
833 4750 980 4817 strictum
1013 4772 1208 4841 responsum
1229 4754 1373 4821 incarce-
