2946 5086
141 176 204 249 192

140 354 227 446 quod
248 352 311 421 alio
332 351 397 421 nisi
418 354 460 420 ed
481 353 641 443 reliquum
664 355 735 443 ejus
758 357 938 422 exercitum
961 376 997 421 se
1018 354 1165 443 recipere
1195 372 1263 418 non
1286 346 1433 420 debeant

143 457 307 526 Pestuche
329 458 465 524 audiens
495 478 616 544 regem,
650 455 837 523 mandatum
860 467 969 525 tamen
990 456 1079 523 illius
1100 458 1136 523 in
1158 456 1299 524 nihilum
1326 458 1432 542 uertit,

141 564 199 631 sed
222 563 264 629 ed
288 585 362 629 suos
394 560 524 646 redivit,
557 560 713 650 populum
746 561 835 628 nullo
857 562 922 629 alio
945 563 1099 650 dirigens.
1143 558 1275 628 Interea
1297 560 1434 629 Boberrd

139 666 198 755 illi,
234 670 291 757 qui
312 666 400 756 epud
421 688 533 754 regem
554 666 692 751 fuerent,
710 668 909 757 judicantes,
946 657 1037 759 quod
1055 666 1240 753 Pragenses
1268 682 1343 733 cum
1364 666 1433 732 aliis

141 796 176 840 se
199 794 271 838 cum
294 794 372 858 rege
395 770 603 858 conjungent,
639 782 811 838 suaserunt
831 774 911 860 regi,
942 781 979 838 ut
999 793 1143 861 pugnam
1165 768 1306 854 differat,
1332 770 1432 837 donec

139 877 256 966 reliqui
277 875 477 943 advenerint.
520 875 593 941 Rex
615 876 697 942 haec
717 876 854 942 audiens
866 876 1075 966 acquiescere
1090 876 1195 941 voluit
1210 874 1344 942 illorum
1359 896 1431 941 con·

139 982 223 1066 silio,
245 980 369 1047 domini
390 990 498 1046 eutem
522 987 554 1044 et
574 1002 726 1069 proceres
751 979 1081 1068 Hungerici'allocuti
1095 978 1272 1061 Bohemos,
1293 987 1332 1044 ut
1341 978 1432 1045 aliter

139 1108 204 1152 non
226 1095 335 1173 agent,
365 1083 423 1149 sed
445 1105 588 1171 pugnam
622 1087 693 1150 sine
726 1107 817 1151 more
848 1086 959 1152 ineant
992 1094 1024 1151 et
1052 1082 1190 1173 quodsi
1224 1082 1288 1149 hoc
1319 1083 1432 1171 exequi

138 1189 308 1272 noluerint,
331 1186 418 1276 quod
440 1208 476 1252 se
498 1188 647 1275 ipsismet
667 1186 820 1255 Bohemis
842 1188 1017 1277 pugnando
1032 1210 1198 1278 opponere
1219 1190 1336 1261 velint.
1371 1178 1429 1257 lte·

141 1315 203 1383 que
224 1293 345 1360 factum
366 1291 436 1373 fuit,
461 1290 546 1378 quod
568 1290 664 1379 paulo
689 1302 764 1382 post
784 1292 922 1360 Turrem
953 1295 1100 1382 aggressi
1122 1294 1265 1375 fuerint3
1287 1292 1431 1382 Hangari

138 1418 217 1464 vero
244 1396 341 1465 valde
371 1398 556 1464 mercedem
579 1398 731 1485 exiguam
764 1395 806 1462 de
834 1396 897 1464 hoc
927 1398 1051 1486 praelio
1073 1399 1261 1468 retulerunt.
1295 1396 1430 1481 Quidem

139 1503 226 1569 enim
247 1501 418 1581 interfecti,
441 1502 534 1568 multi
556 1504 644 1590 cepti
666 1523 740 1567 cum
762 1500 885 1589 aliquot
907 1504 1077 1591 episcopis,
1106 1514 1202 1592 prout
1231 1504 1331 1573 etiam
1353 1508 1429 1596 epis·

139 1628 238 1695 copus
260 1606 316 1671 ille
339 1600 606 1692 Ostregomensis
625 1605 815 1692 Hungariae
837 1606 1050 1672 cancellarius
1081 1618 1195 1695 captus
1224 1610 1295 1695 fuit,
1327 1610 1430 1679 etalii

137 1712 278 1801 plurimi,
310 1712 456 1799 exceptis
479 1710 554 1794 illis,
586 1711 642 1799 qui
671 1719 746 1776 ente
777 1709 936 1799 praelium
964 1710 1007 1776 ab
1028 1712 1174 1777 exercitu
1206 1712 1366 1801 fugerant,
1398 1717 1429 1782 in

138 1839 201 1902 quo
224 1814 362 1881 'l'urcico
385 1817 529 1881 exercitu
556 1816 654 1904 juxte
674 1815 936 1882 informationem
965 1814 1149 1894 multorum,
1181 1820 1278 1905 copia
1300 1819 1429 1887 militum

138 1920 180 1987 ed
202 1920 343 1987 ducenta
372 1918 474 1985 millia
496 1918 736 2005 numerabatur,
759 1921 815 2009 qui
831 1920 993 1986 exercitus
1015 1919 1112 2006 longe
1135 1922 1312 2010 superabat
1333 1926 1428 1992 mino·

137 2048 190 2092 res
221 2026 331 2114 copies
359 2026 477 2112 regias.
520 2023 699 2091 conflictus
729 2024 784 2103 hie
813 2024 949 2110 contigit
980 2024 1034 2090 die
1060 2024 1286 2093 decollationis
1321 2026 1355 2096 Β.
1376 2029 1428 2096 Jo-

138 2131 232 2196 annis
265 2128 432 2217 Baptistae
465 2151 551 2194 anno
584 2129 677 2213 1526,
711 2129 767 2216 qui
798 2130 1004 2217 permittente
1024 2128 1098 2195 Deo
1131 2130 1236 2198 factus
1267 2132 1330 2199 fuit
1362 2156 1427 2200 cum

137 2256 257 2322 magua
279 2236 397 2300 astutia
418 2232 609 2318 Turcarum,
634 2243 666 2299 et
685 2233 938 2321 improvidentia
967 2232 1107 2321 quedem
1136 2236 1249 2324 populi
1272 2240 1428 2305 exercitus

138 2340 230 2426 regii.
256 2338 322 2406 Ubi
344 2338 437 2404 multi
452 2338 600 2421 Bohemi,
625 2349 656 2403 et
678 2336 734 2403 alii
755 2337 789 2403 in
811 2336 873 2403 hoc
894 2340 985 2424 regio
1009 2339 1155 2404 exercitu
1176 2339 1324 2407 fidelium
1346 2352 1427 2410 nota

137 2441 252 2510 bilium
272 2464 452 2532 pauperum
475 2451 508 2508 et
529 2442 664 2509 divitum
688 2443 789 2508 occisi
811 2450 844 2507 et
865 2444 952 2531 cepti
973 2442 1110 2512 fuerunt.
1146 2443 1208 2511 Ille
1228 2468 1308 2513 vero
1331 2448 1428 2515 archi·

139 2549 309 2639 episcopus
332 2548 604 2635 Ostregomensis,
628 2553 662 2612 et
683 2544 846 2636 quondam
868 2548 1294 2637 episcopusWacaowensis
1325 2553 1362 2618 in
1382 2552 1428 2619 bis

139 2655 254 2720 caenis
277 2675 320 2720 ex
340 2652 493 2719 mandato
515 2651 650 2718 Turcici
667 2653 872 2740 imperatoris
894 2653 1000 2718 eidem
1022 2654 1091 2721 noti
1127 2654 1371 2742 contumeliose,
1398 2664 1430 2722 ut·

137 2755 285 2847 proditor
308 2757 488 2823 decollatus
511 2756 581 2840 fuit,
604 2756 737 2843 dignam
757 2756 942 2824 mercedem
965 2777 1096 2823 sumens
1111 2756 1154 2824 de
1176 2756 1349 2848 obsequiis
1367 2760 1428 2827 suis

138 2864 313 2952 praestitis.
335 2861 408 2928 Rex
428 2883 507 2929 vero
529 2870 702 2950 antequam
723 2861 882 2951 praelium
896 2862 1082 2951 incepisset,
1104 2861 1289 2941 advertens,
1306 2864 1424 2933 nullam

140 2989 212 3034 esse
234 2967 461 3054 aequalitatem
483 2967 682 3033 numericam
703 2966 816 3057 populi
837 2967 887 3033 sui
909 2976 1021 3034 cenna
1041 2965 1216 3033 Tmcicum
1239 2969 1427 3054 exercitam,

139 3094 201 3139 nec
224 3094 315 3160 spem
336 3072 493 3138 victoriae
514 3071 640 3156 adesse,
664 3070 752 3138 solus
780 3093 853 3138 cum
876 3072 999 3162 aliquot
1020 3069 1062 3137 de
1084 3073 1230 3139 exercitu
1251 3073 1325 3142 sine
1346 3074 1426 3143 omni

139 3178 286 3243 sanitatis
308 3198 386 3244 suae
407 3177 600 3244 detrimento
622 3176 748 3264 aufugit
761 3176 803 3267 ²⁸).
818 3176 943 3267 Dequo
965 3175 1096 3243 undem
1117 3177 1325 3247 inBobemia
1343 3176 1427 3248 varie

139 3280 320 3371 dubitatum
337 3282 419 3368 fuit3
442 3279 574 3370 quidam
590 3281 677 3348 enim
692 3280 856 3365 dixerunt,
878 3281 970 3348 illum
991 3280 1091 3349 luisse
1112 3282 1355 3373 interemptum,
1370 3282 1425 3351 dit

138 3387 232 3454 illum
252 3389 363 3455 vivum
384 3387 545 3452 mansisse
566 3394 775 3453 asseruerunt
799 3387 886 3453 inter
908 3394 1074 3477 equestres
1103 3387 1219 3476 copias·
1234 3390 1359 3477 pariter
1377 3386 1428 3455 n·-

48 3530 50 3534 >
139 3496 283 3581 gientes3
306 3493 388 3571 haec
410 3490 510 3557 dubia
530 3512 591 3580 per
623 3490 746 3581 aliquot
768 3493 965 3581 septimanas
987 3491 1198 3576 duraverant,
1235 3492 1343 3561 donec
1362 3500 1423 3560 tan·

143 3596 218 3662 dem
231 3604 415 3686 superasset
435 3617 545 3662 rumor
567 3594 698 3684 quidam
721 3595 892 3685 enjusdam
911 3594 1034 3663 domini
1046 3593 1185 3685 oseem
1206 3597 1363 3686 specialis
1381 3594 1424 3663 ssi

139 3702 285 3786 fautoris,
321 3698 418 3790 quod,
450 3698 528 3766 dum
548 3721 609 3768 rex
641 3722 715 3768 cum
735 3698 796 3766 illo
825 3698 963 3790 fugisset
994 3722 1054 3791 per
1085 3698 1248 3789 quandam
1278 3701 1423 3792 paludem

138 3808 310 3891 lutuosem,
332 3804 528 3877 infortunate
561 3805 742 3892 contigerit,
771 3814 814 3872 ut
827 3804 980 3895 paludem
1009 3803 1096 3872 hauc
1128 3824 1211 3895 equo
1233 3808 1424 3895 pertransire

137 3936 204 3980 non
225 3913 376 4001 potuerit,
400 3909 458 3976 sed
486 3909 521 3975 in
543 3909 611 3979 illa,
629 3908 748 3998 palude
782 3908 909 3976 lutuosa
928 3909 1037 4000 perire
1065 3907 1224 3995 debuerit,
1258 3918 1293 3976 et
1323 3911 1421 4001 quiin

139 4016 197 4086 illa
219 4016 297 4106 fuga
319 4036 393 4082 cum
413 4034 492 4102 rege
512 4012 652 4092 fuerunt,
675 4010 812 4104 quilibet
832 4015 867 4079 in
888 4014 951 4080 hoc
971 4023 1097 4080 terrore·
1115 4014 1216 4080 nimio
1238 4013 1304 4082 sibi
1325 4016 1422 4105 potius

140 4122 322 4205 consulens,
345 4142 441 4209 quam
462 4120 542 4206 regi,
567 4140 630 4207 quo
654 4121 730 4208 quis
748 4120 861 4206 potuit,
896 4119 1030 4206 diffugit,
1065 4118 1229 4208 quiajam
1250 4120 1422 4208 periculum

140 4251 183 4296 ex
204 4228 238 4297 vi
259 4247 378 4315 magna
399 4224 597 4319 imminebat.
641 4224 695 4292 Ex
717 4224 779 4290 hac
800 4245 910 4313 pugna
939 4224 1048 4314 itaque
1068 4221 1166 4290 valde
1185 4227 1285 4312 pauci
1307 4224 1350 4291 de
1369 4222 1422 4292 Bo·

182 4500 212 4573 ¹¹)
226 4500 271 4561 De
291 4498 425 4557 Lndorici
445 4495 622 4555 infelicissimi
643 4495 716 4569 regis
737 4493 841 4552 turcico
862 4495 1018 4565 certamine,
1039 4494 1112 4568 iuge,
1127 4501 1157 4549 et
1178 4493 1258 4551 obitu
1278 4495 1343 4570 lege
1362 4494 1424 4553 rela-

224 4585 328 4644 tionem
347 4586 530 4645 authenticam
550 4582 677 4655 anonymi
710 4584 858 4657 oujusdam,
890 4583 938 4658 qui
959 4580 1062 4658 praelio
1096 4582 1169 4657 apud
1190 4580 1312 4640 Mohaca
1347 4583 1423 4640 inter·

217 4666 327 4742 'mes-et,
350 4691 385 4730 ex
406 4674 516 4731 archivo
537 4670 734 4744 Bambergensi
756 4670 858 4726 editam
879 4688 895 4726 a
917 4688 960 4725 me
981 4670 1010 4726 in
1032 4666 1219 4738 „l'rtnkimbe
1243 4668 1381 4728 Studien“
1398 4689 1422 4745 p.

222 4766 340 4818 s-rs.
363 4758 469 4820 nieme
488 4758 533 4819 tm
553 4756 789 4817 noscentem
811 4748 1085 4832 dumdsqeetsn
1105 4750 1171 4814 xa·
