2946 5086
144 157 209 227 282

144 353 208 399 nae
230 329 342 420 (quam
364 327 494 394 omnino
516 326 564 393 eis
584 327 709 394 inimici
729 324 858 392 illorum
880 326 967 392 circa
997 328 1119 395 aucum
1149 349 1192 395 ex
1224 329 1315 394 omni
1341 334 1418 415 parte
1463 379 1467 419 :

146 434 361 513 abstulerant)
383 432 519 498 Arctum
541 431 741 500 Tuscensem
771 431 935 497 civitatem
955 430 1167 518 advenerunt,
1194 431 1253 499 ubi
1274 433 1358 497 intra
1377 431 1420 496 ali·

142 546 220 629 quot
229 536 300 604 dies
315 538 471 623 auxilium
494 539 529 604 in
543 538 711 604 tormentis
734 545 766 603 et
778 557 907 602 annona
917 558 938 602 a
948 534 1174 604 Sennensibue
1188 535 1421 625 exspectabant,

144 652 178 711 et
197 644 381 733 sperabant,
404 643 583 712 haecenim
606 646 715 713 omnia
737 645 933 728 Sennenses,
956 643 1033 710 dum
1045 667 1217 711 caesareae
1230 646 1345 733 copiae
1356 644 1423 708 Tue-

140 749 225 817 ciam
254 746 474 834 advenissent,
497 751 526 815 si
548 751 582 816 in
605 751 847 839 oppugnatione
868 749 1058 816 Florentiae
1078 749 1337 828 debilitarentur,
1359 772 1421 837 pro

142 855 309 920 misertmt.
346 853 386 919 In
407 854 470 921 hoc
492 856 688 943 promissum
711 854 908 921 confidentes
931 856 1117 920 caesareani
1138 855 1272 938 milites,
1296 863 1330 919 et
1355 854 1422 942 quia

144 958 243 1026 etiam
264 960 298 1024 in
320 960 491 1047 procinctu
518 958 749 1047 progrediendi
770 958 908 1041 fuerant,
941 957 1080 1045 ideoque
1102 966 1264 1024 tormenta
1299 967 1332 1023 et
1352 959 1424 1023 alias

140 1086 194 1133 res
215 1065 418 1130 necessarias
439 1086 499 1152 pro
522 1064 710 1131 defensione
725 1063 903 1130 Mediolani
916 1063 1128 1152 reliquerunt.
1149 1062 1328 1129 Exercitus
1339 1063 1427 1149 igitur

144 1168 279 1260 papalis
294 1190 369 1234 cum
391 1167 637 1252 confoederatis,
661 1191 797 1257 quorum
820 1168 952 1256 quidam
972 1168 1149 1235 Ravennae
1172 1176 1205 1232 et
1226 1166 1303 1234 aliis
1327 1169 1427 1233 civita·

142 1274 229 1342 tibus
240 1274 395 1340 Romanis
411 1283 644 1358 remanserant,
667 1274 741 1340 latis
764 1275 826 1341 viis
838 1274 1040 1340 Florentiam
1060 1294 1184 1356 versus,
1206 1282 1243 1337 ut
1264 1271 1357 1337 illam
1377 1273 1422 1336 ci·

143 1379 279 1445 vitatem
301 1376 489 1462 defendant,
521 1387 759 1467 processerunt,
793 1384 876 1466 quae
899 1380 1013 1445 civitas
1031 1379 1102 1466 jam
1123 1376 1295 1462 militibus,
1325 1377 1425 1457 armis,

144 1484 322 1567 tormentis,
345 1504 475 1549 annona
507 1490 539 1548 et
571 1483 645 1549 aliis
666 1483 765 1550 rebus
787 1505 846 1571 pro
869 1482 1059 1548 defensione
1080 1481 1278 1546 necessariis
1302 1482 1426 1568 provisa

142 1587 213 1657 fuit.
236 1587 433 1655 Caesareani
454 1608 542 1671 vero,
564 1589 656 1653 utin
679 1589 920 1676 oppugnatione
941 1586 1037 1673 hujus
1053 1593 1178 1650 tantum
1191 1587 1351 1674 temporis
1368 1607 1424 1651 non

138 1695 287 1787 perdant,
309 1697 457 1762 inimicos
476 1696 562 1763 fame
580 1718 645 1762 non
668 1696 843 1781 detineant,
862 1703 918 1762 aut
935 1697 964 1762 si
979 1694 1063 1760 hanc
1079 1693 1246 1760 civitatem
1264 1694 1362 1759 etiam
1382 1713 1427 1756 ex·

138 1808 330 1891 pugnarent,
349 1822 391 1866 ne
413 1823 487 1866 cum
509 1800 600 1889 Papa
621 1801 692 1889 (qui
714 1800 846 1867 aliunde
860 1800 980 1868 talibus
1003 1802 1143 1888 negotiis
1166 1801 1203 1865 in
1214 1797 1314 1864 Italia
1340 1794 1424 1863 valde

138 1907 325 1994 frequenter
332 1906 550 1995 premebatur)
560 1929 679 1973 novum
687 1906 809 1973 bellum
817 1929 931 1995 gerere
948 1916 1112 1994 cogantur,
1123 1922 1166 1972 ex
1174 1903 1296 1993 quibua
1304 1902 1419 1969 duabus

139 2009 246 2094 rebus,
259 2032 357 2076 unam
370 2010 584 2095 inhonestam,
596 2011 730 2077 alteram
742 2010 805 2078 sibi
816 2010 1010 2078 laboriosam
1027 2032 1098 2077 esse
1111 2010 1333 2092 adverterunt,
1349 2007 1424 2073 ideo·

139 2135 202 2205 que
213 2115 392 2199 consilium,
405 2138 467 2204 quo
489 2115 600 2183 habito
612 2115 654 2183 ad
666 2116 918 2205 oppugnandam
928 2115 1138 2194 Florentiam,
1149 2121 1288 2181 utrecta
1305 2111 1348 2178 ad
1358 2111 1424 2176 civi·

140 2227 240 2287 tatem
251 2221 439 2309 procedant,
461 2223 719 2307 immutaverunt,
735 2223 945 2310 respicientes
959 2229 1046 2288 certe
1056 2220 1253 2310 pontificem,
1278 2218 1333 2305 qui
1344 2223 1426 2303 caput

142 2335 175 2393 et
183 2326 378 2416 principium
396 2326 509 2393 harum
530 2348 638 2394 rerum
660 2327 870 2395 adversarum
890 2327 1004 2410 fuerat,
1026 2327 1097 2392 utsi
1119 2347 1193 2390 eum
1213 2320 1425 2390 Italisbellun

140 2429 330 2521 inciperent,
353 2431 492 2498 utillud
513 2441 627 2521 pacata
649 2434 757 2522 quiete
779 2434 962 2517 terminent,
997 2440 1029 2498 et
1058 2431 1274 2498 communitas
1310 2426 1425 2494 christi·

140 2538 323 2604 enatantis
346 2544 379 2602 et
400 2536 525 2611 tamdiu
546 2537 737 2605 durantibus
758 2536 856 2604 bellis
880 2537 1002 2605 afflicta
1024 2545 1057 2602 et
1080 2535 1255 2616 deeuueta,
1279 2555 1315 2599 se
1334 2531 1425 2598 recol·

140 2641 244 2729 ligere
266 2650 299 2708 et
320 2642 489 2728 quiescere
509 2643 621 2730 possit.
655 2643 798 2733 Ideoque
819 2643 1040 2732 relinquentes
1062 2661 1174 2706 omnes
1195 2637 1277 2705 balli
1300 2659 1426 2726 appara·

139 2757 191 2814 tus
212 2770 272 2836 per
294 2768 425 2835 campos
442 2746 637 2832 Sennanses,
659 2749 795 2815 Romam
816 2770 930 2815 versus
952 2747 1106 2815 alacriter
1126 2751 1363 2834 processerunt
1381 2742 1426 2808 via

142 2851 208 2935 tali,
232 2850 319 2939 quod
340 2873 459 2937 magna
478 2873 555 2940 pars
579 2851 741 2921 exercitus
762 2864 822 2942 pe'r
835 2853 1019 2919 Viterbium
1041 2850 1238 2940 pervenerit,
1262 2857 1427 2936 antequam

142 2955 184 3021 de
205 2953 334 3020 illorum
357 2952 498 3021 adventu
519 2955 642 3022 Romae
664 2957 892 3033 certitudinem
913 2957 1079 3023 rescirent.
1111 2954 1201 3019 Dum
1221 2974 1304 3019 varo
1326 2973 1425 3019 rumor

142 3065 354 3148 properanter
386 3060 678 3147 appropinquantis
712 3061 836 3128 inimici
859 3083 897 3127 eo
932 3061 1057 3127 delatus
1092 3058 1217 3142 fuisset,
1240 3067 1309 3124 tam
1333 3058 1427 3124 subito

142 3165 258 3229 timore
286 3185 398 3231 omnes
419 3164 561 3252 perculsi
593 3165 859 3251 sollicitabantur;
897 3166 1009 3232 biubi
1046 3163 1190 3229 securius
1210 3184 1266 3228 res
1301 3186 1377 3229 suas
1402 3165 1427 3227 et

143 3267 275 3341 mobilia
296 3269 472 3336 recondere
494 3279 647 3358 possent3
676 3270 742 3356 alii,
775 3271 853 3360 quid
881 3272 917 3337 in
949 3271 1011 3336 hoc
1038 3267 1219 3356 periculoso
1256 3276 1291 3334 et
1319 3269 1426 3335 misero

143 3397 251 3444 rerum
273 3383 358 3440 statu
389 3372 552 3462 agendum
581 3375 673 3459 foret,
697 3398 772 3442 cum
802 3377 916 3442 amicis
949 3383 982 3441 et
1013 3373 1174 3462 proximis
1207 3375 1278 3440 suis
1301 3374 1427 3441 consilia

144 3477 345 3566 tractabant,
369 3477 482 3545 ultimo
516 3478 653 3546 tandem.
669 3503 780 3546 omnes
801 3481 914 3567 fugere
947 3489 980 3546 et
1012 3481 1176 3546 civitatem
1209 3479 1426 3568 derelinquere

146 3583 341 3669 statuebant,
374 3583 463 3671 ‘quod
495 3585 593 3649 etiam
616 3585 686 3650 sine
707 3584 806 3651 dubio
828 3585 949 3652 factum
969 3584 1091 3666 fuisset,
1123 3585 1151 3650 si
1173 3583 1326 3674 pontifex
1347 3607 1424 3650 man·

147 3688 221 3755 dato
256 3687 341 3754 edito
365 3698 421 3753 sub
457 3689 584 3775 magnis
607 3690 731 3776 poenis,
755 3713 796 3756 ne
832 3690 916 3756 ullus
939 3712 982 3756 ex
1005 3688 1135 3756 civitate
1157 3694 1308 3772 excedat,
1331 3715 1424 3782 neque

145 3815 188 3860 ex
209 3792 266 3859 illa
287 3791 412 3880 aliquid
434 3791 591 3858 debonis
614 3795 681 3858 suis
703 3794 837 3877 auferat,
853 3796 996 3861 ‘miseros
1018 3797 1105 3861 cives
1141 3804 1173 3862 et
1204 3797 1331 3864 aulicos
1353 3798 1422 3864 invi·

145 3905 194 3965 tos
215 3920 282 3964 non
304 3895 495 3965 detinuisset
528 3905 560 3963 et
581 3895 672 3964 abire
694 3898 921 3988 prohibuisset.
953 3901 1126 3966 Praeterea
1153 3912 1304 3968 senatum
1327 3913 1360 3969 et
1377 3924 1421 3991 po·

144 4002 255 4089 pulum
263 4001 443 4068 Romanum
464 4000 507 4066 ad
529 4024 564 4067 se
586 4006 696 4070 vocari
714 4005 822 4092 jussit,
846 4004 954 4093 amplo
977 4027 1125 4071 sermone
1148 4005 1224 4072 illos
1240 4006 1418 4088 admonens,

145 4117 180 4175 ut
202 4106 244 4175 ob
279 4128 398 4174 nomen
418 4106 599 4174 Romanum
622 4117 655 4174 et
681 4131 905 4196 praegressam
941 4110 1125 4177 diuturnam
1158 4112 1290 4178 laudem
1326 4137 1360 4181 ee
1378 4134 1420 4178 re-

145 4211 333 4300 colligentes
357 4221 390 4277 et
420 4211 534 4276 horum
563 4211 780 4298 recordantes,
814 4214 1002 4282 indumenta
1030 4219 1259 4302 generositatis
1281 4228 1317 4284 et
1344 4239 1421 4284 arma

144 4340 204 4406 pro
228 4319 334 4406 patria
356 4325 388 4382 et
410 4315 495 4383 Sede
518 4316 696 4405 apostolica
717 4332 881 4386 assumant
904 4331 936 4387 et
956 4320 1124 4388 civitatem.
1152 4321 1342 4409 defendant,
1370 4323 1421 4389 do·

146 4444 207 4488 nec
229 4424 392 4489 exercitus
414 4422 712 4490 confoederatorum
735 4424 793 4503 (de
815 4447 878 4513 quo
900 4448 1006 4515 supra,
1029 4426 1116 4514 quod
1129 4427 1321 4496 Florentiae
1341 4429 1421 4497 relic-

147 4537 199 4592 tus
230 4527 337 4611 fuerit,
360 4526 516 4616 diximus)
541 4536 573 4594 at
593 4527 676 4596 alter
698 4531 860 4596 exercitus
882 4530 1018 4619 papalis,
1048 4532 1159 4619 quiin
1181 4557 1286 4621 regno
1308 4537 1421 4624 Neapo-

147 4630 248 4699 litano
269 4631 436 4716 hucusque
456 4632 651 4719 morabatur,
673 4633 821 4702 celeriter
832 4635 968 4702 Romam
989 4657 1102 4703 versus
1125 4645 1350 4730 convenerint,
1365 4643 1423 4734 qui·

146 4737 216 4806 bus·
228 4735 462 4807 auxiliantibus
497 4761 563 4810 non
600 4749 727 4813 motum
745 4742 896 4812 inimicos
916 4743 1085 4833 repellere,
1121 4753 1360 4822 verumetiam
1379 4774 1423 4820 aa
