2946 5086
167 388 171 395 ·
230 352 392 421 loannem
413 350 557 435 Karban,
589 351 787 420 stanncrium
820 349 921 419 ciuem
952 345 1232 438 Neo-Urbensem,
1249 348 1343 419 Deus
1364 352 1421 419 sins

145 480 250 550 poena
270 457 434 525 mundana
465 456 604 547 reliquit,
627 480 669 524 an
698 479 757 548 pro
779 452 905 523 meliori
938 463 994 522 aut
1022 456 1128 546 pejori
1164 454 1322 546 ejusdem,
1344 457 1423 524 Deus

147 563 282 631 noverit
327 561 394 629 Alii
417 563 514 629 etiam
534 561 628 628 multi
648 561 690 630 ab
712 562 763 628 his
796 560 1037 650 participantes,
1066 562 1160 649 quasi
1180 563 1265 628 rami
1284 585 1306 628 a
1327 562 1424 629 radios

147 670 182 735 in
204 668 303 736 variis
333 667 517 734 infortuniis
539 689 559 734 a
580 667 654 734 Deo
676 666 824 734 collocati
852 665 990 750 fuerunt,
1012 666 1059 731 uti
1098 665 1261 754 Georgius
1292 665 1425 753 Jeuisek,

147 774 203 861 qui
224 775 319 840 etiam
340 772 526 839 notabiliter
554 772 658 839 aDeo
679 773 713 838 in
735 772 798 839 hoc
817 771 938 838 mundo
959 771 1089 860 punitus
1109 769 1179 837 fuit
1211 770 1329 858 Longo
1352 774 1426 838 enim

149 887 293 967 tempore
315 876 356 944 ob
379 877 490 944 debita
510 877 545 942 in
568 878 657 943 ouria
679 877 828 943 detentus
849 875 919 960 fuit,
947 883 979 941 et
1000 874 1130 940 tandem
1153 874 1321 960 dimissus,
1343 875 1428 961 fame,

147 981 383 1048 'calamitatibus
409 982 510 1048 variis
539 981 751 1069 affligebatur,
779 983 827 1047 ita
855 981 941 1069 quod
969 979 1062 1046 multi
1083 981 1172 1046 cives
1206 981 1238 1046 ei
1266 981 1429 1048 condolue-

146 1087 220 1171 rint,
243 1088 337 1174 eique
371 1096 526 1175 quantum
546 1085 701 1176 possibile
731 1085 801 1165 fuit,
824 1085 1034 1175 providerint,
1071 1085 1276 1174 elemosynas
1308 1087 1341 1152 ei
1362 1090 1430 1153 elar-

148 1193 218 1279 giti,
241 1199 273 1257 et
294 1214 337 1258 ex
357 1191 509 1281 hospitali
531 1190 672 1279 qualibet
702 1193 881 1279 septimana
903 1193 1050 1279 quinque
1079 1213 1209 1279 grossos
1232 1190 1432 1275 Bohemicos,

1446 33 1458 247 l

1454 258 1464 501 l

151 1304 183 1361 et
215 1295 404 1362 tantundem
427 1317 470 1361 ex
501 1295 607 1362 officio
640 1297 824 1364 sexviratus
864 1295 1105 1363 contribuerint
1149 1295 1218 1362 Alii
1250 1296 1431 1363 demumin

149 1399 295 1484 sanitate,
331 1401 366 1465 in
398 1398 502 1483 bonis,
525 1399 559 1464 in
580 1399 666 1466 fama
695 1400 867 1490 periclitati
901 1400 1040 1484 fuerunt,
1062 1399 1194 1489 quidam
1226 1400 1340 1468 ebrius
1363 1400 1432 1467 sub·

149 1525 273 1570 mersus
305 1503 365 1570 fuit
385 1505 420 1570 in
442 1505 513 1570 loco
534 1506 709 1594 inopinato,
743 1505 825 1572 alius
848 1528 891 1573 ex
922 1504 1096 1571 afflictione
1127 1506 1230 1572 nimia
1250 1506 1289 1572 in
1320 1505 1433 1572 fontem

147 1607 262 1674 insiliit
292 1607 403 1696 ibique
435 1610 608 1676 suffocatus
638 1608 709 1688 fuit,
742 1618 776 1676 et
802 1609 858 1676 alii
879 1610 982 1695 aliter,
1015 1610 1109 1696 quasi
1129 1609 1246 1676 umbra
1280 1611 1433 1699 quaedam

141 1712 268 1778 mortui
286 1713 528 1802 disparuerunt3
550 1713 657 1781 rabies
679 1715 764 1781 enim
785 1714 924 1794 illomm
946 1723 979 1781 et
1006 1714 1158 1803 superbia
1184 1716 1386 1782 antecedens
1406 1716 1434 1780 in

147 1817 272 1884 fumum
293 1820 385 1907 quasi
407 1840 583 1887 conversae
605 1828 688 1886 sunt.
732 1819 800 1887 Alii
820 1818 955 1906 feroces,
985 1822 1078 1909 quasi
1109 1822 1241 1909 tyranni
1264 1820 1433 1910 sibiipsis,

148 1933 181 1989 et
203 1922 275 1989 aliis
305 1923 488 1990 hominibus
501 1927 637 1991 emortui
659 1933 742 1992 sunt.
786 1924 893 2014 Atque
914 1925 1071 2015 quaedam
1094 1948 1137 1992 ex
1158 1925 1271 1992 multis
1296 1926 1433 2014 eligenti,

149 2026 229 2093 mihi
252 2028 286 2092 in
308 2037 448 2094 mentem
469 2031 558 2096 venit
569 2029 749 2096 Antiochus
771 2052 831 2097 rex
842 2031 1012 2096 Persarum
1034 2030 1117 2097 libro
1140 2029 1287 2098 secundo
1309 2032 1432 2098 Macha-

148 2131 303 2220 baeorum
326 2155 397 2222 cap.
419 2134 483 2219 20,
517 2135 573 2223 qui
594 2133 862 2221 ignominioseob
886 2157 974 2200 suam
995 2134 1219 2202 crudelitatem
1241 2158 1264 2202 a
1285 2136 1359 2204 Deo
1375 2159 1432 2203 eor·

144 2247 256 2326 reptus
279 2237 467 2304 infirmitate
489 2238 651 2305 horrenda
681 2241 800 2305 misere
822 2240 927 2327 periit.

230 2341 353 2430 Impius
375 2342 535 2428 Herodes,
559 2344 614 2432 qui
637 2345 827 2409 innocentes
849 2342 955 2409 occidi
971 2343 1080 2431 jussit,
1114 2342 1170 2410 ille
1191 2353 1329 2433 propter
1351 2368 1431 2412 suam

145 2444 368 2513 crudelitatem
403 2448 537 2515 taudem
560 2449 777 2535 ignominiose
800 2449 903 2515 evita
924 2447 1074 2531 decessit,
1097 2458 1194 2536 prout
1215 2448 1260 2516 de
1283 2451 1340 2517 illo
1363 2453 1430 2517 scri·

147 2550 235 2619 bitur
255 2550 338 2618 libro
362 2552 412 2636 14,
447 2553 498 2638 lb,
523 2555 573 2620 16.
596 2561 629 2620 et
648 2554 838 2642 praesertim
861 2555 913 2623 17.
935 2552 1018 2619 libro
1039 2551 1164 2642 Joseph
1187 2552 1229 2620 de
1261 2557 1430 2645 antiquita·

147 2656 234 2723 tibus
256 2677 324 2745 cap.
358 2657 388 2722 9.
437 2657 479 2724 de
500 2658 646 2746 ejusdem
679 2657 903 2745 ignominiosis
934 2669 966 2724 et
1000 2658 1154 2744 gravibus
1186 2659 1430 2738 infirmitatibus,
1466 2662 1469 2737 l

147 2759 287 2848 quisibi
308 2783 367 2849 pro
387 2763 548 2829 medicine
558 2762 657 2850 elegit
679 2785 817 2851 sequens
836 2787 844 2828 ε
862 2762 960 2852 jussit
971 2761 1111 2852 quodam
1122 2773 1269 2854 tempore
1293 2766 1430 2856 sibipor·

146 2867 209 2954 rigi
240 2890 336 2956 poma
369 2875 402 2932 et
436 2866 582 2951 cultrum,
616 2874 651 2933 ut
681 2889 720 2933 ea
753 2866 816 2934 sibi
846 2869 985 2955 ipsemet
1011 2867 1211 2935 decorticare
1243 2872 1352 2959 possit
1379 2891 1428 2960 pro

145 2994 235 3039 more
257 2994 324 3057 suo,
356 2981 453 3061 atque
474 2972 507 3037 in
528 2972 668 3038 minutas
689 2981 797 3061 partes
819 2971 1011 3056 discindere,
1044 2981 1081 3039 ut
1102 2974 1276 3041 comedere
1309 2978 1428 3066 possit;

147 3076 280 3144 tandem
302 3076 479 3144 observans
501 3076 589 3144 circa
611 3098 646 3143 se
678 3076 802 3144 nullum
824 3078 950 3163 adesse,
973 3078 1110 3146 cultrum
1132 3079 1284 3148 manibus
1307 3104 1428 3170 gerens,

146 3182 291 3268 attendit,
321 3204 364 3249 ne
400 3180 485 3248 ullus
508 3183 696 3270 conspiciat,
725 3205 767 3248 ex
795 3184 895 3250 nimio
917 3185 1026 3272 itaque
1057 3184 1169 3251 dolore
1201 3185 1344 3253 cultrum
1375 3186 1430 3254 sibi

147 3287 284 3375 infigere
330 3296 363 3354 et
401 3309 437 3354 se
464 3288 571 3376 ipsum
602 3288 750 3355 occidere
781 3287 894 3371 voluit,
936 3289 1022 3376 quod
1055 3291 1161 3378 ipsum
1195 3292 1294 3357 etiam
1317 3291 1430 3359 factum

141 3389 268 3481 fuisset,
292 3399 320 3465 si
330 3397 471 3464 Ariabus
481 3419 583 3486 nepos
605 3399 675 3488 ejus
683 3420 749 3464 non
770 3398 973 3481 accurrisset,
996 3402 1029 3461 et
1040 3416 1171 3461 manum
1192 3396 1259 3484 ipsi
1280 3395 1429 3464 detinuis-

146 3511 204 3569 set.
227 3501 307 3591 Cap.
342 3502 392 3568 10.
424 3503 470 3568 ita
491 3501 533 3568 de
554 3502 610 3569 illo
634 3502 801 3569 scribitur:
838 3503 912 3569 Rex
934 3500 1083 3568 Herodes
1118 3497 1179 3565 fuit
1200 3501 1253 3567 vir
1282 3500 1428 3583 crudelis,

144 3606 179 3673 in
201 3626 313 3672 omnes
345 3605 523 3695 aequaliter
550 3606 723 3673 offensioni
755 3606 894 3692 deditus,
917 3605 975 3673 sed
1006 3605 1171 3695 ajustitia
1192 3603 1332 3676 alienus.
1374 3605 1432 3672 Hic

145 3733 165 3777 a
188 3710 326 3799 simplici
347 3711 510 3777 communi
534 3719 618 3778 statu
641 3732 683 3777 ex
704 3711 836 3798 regione
848 3710 1073 3778 Idumaeorum
1093 3710 1128 3774 in
1149 3730 1288 3797 regnum
1308 3719 1431 3779 erectus

145 3815 221 3902 fuit3
263 3838 347 3904 quae
369 3815 543 3882 erudelitas
578 3815 612 3882 in
633 3815 689 3883 illo
711 3818 815 3906 major
843 3838 915 3883 esse
936 3817 1048 3905 potuit,
1083 3813 1160 3882 dum
1181 3819 1336 3907 proprios
1357 3819 1431 3885 filios

145 3941 219 3987 suos
254 3928 286 3986 et
306 3943 441 3989 uxorem
473 3943 564 3988 snam
596 3923 744 4010 reginam
772 3907 880 3988 occidi
903 3921 1010 4006 jussit
1055 3920 1324 4009 Supranominati
1352 3944 1430 4005 vero,

144 4024 298 4092 licetnon
319 4024 438 4092 fuerint
459 4034 525 4093 tam
547 4025 694 4094 crudeles
705 4025 749 4094 ad
769 4025 898 4093 realiter
920 4024 1150 4093 effundendum
1172 4026 1354 4095 humanum
1369 4050 1429 4094 san·

145 4131 276 4218 guinem
310 4131 392 4197 sicut
423 4131 468 4216 hi,
503 4131 545 4198 de
578 4131 694 4220 quibus
724 4129 824 4197 multa
857 4131 892 4196 in
920 4129 1012 4196 libris
1034 4131 1208 4197 nominatis
1243 4133 1429 4212 scribuntur,

143 4235 207 4302 alio
241 4243 349 4304 tamen
377 4237 473 4305 modo
503 4237 539 4302 in
571 4236 622 4303 his
654 4235 746 4303 libris
780 4236 942 4324 descripto
972 4241 1037 4301 tam
1082 4234 1259 4303 crudeliter
1293 4238 1428 4305 homines

145 4340 331 4409 afflixerunt
357 4343 392 4409 in
426 4363 561 4431 corpore
593 4349 626 4408 et
646 4343 763 4427 anima,
797 4341 883 4431 quod
905 4343 1032 4432 saepius
1053 4341 1122 4407 vita
1143 4342 1278 4430 propria
1300 4338 1429 4434 pertaesi

143 4446 272 4532 fuerint,
300 4469 375 4515 nam
404 4446 536 4536 quidam
562 4467 622 4535 per
650 4446 709 4512 has
741 4445 934 4514 afflictiones
963 4469 1029 4514 non
1052 4454 1176 4513 tantum
1212 4443 1309 4513 bonis
1340 4457 1371 4514 et
1389 4466 1427 4510 sa·

144 4552 255 4637 nitate,
285 4550 345 4618 sed
377 4560 409 4618 et
437 4552 504 4619 vita
534 4551 653 4640 privati
683 4549 819 4620 fuerant.
852 4554 1021 4620 Invenitur
1050 4560 1083 4618 et
1110 4553 1303 4640 agnoscitur
1323 4553 1427 4640 itaque,

145 4654 232 4745 quod
264 4655 388 4723 Passek
421 4678 495 4723 oum
528 4657 594 4721 suis
628 4655 888 4741 adhaerentibus,
918 4667 950 4724 et
973 4680 1046 4724 cum
1078 4657 1344 4726 administratore
1373 4675 1427 4722 ma·

125 4755 241 4845 jerem
278 4761 509 4834 crudelitatem
542 4764 759 4849 exercuerint,
788 4784 886 4851 quam
917 4762 1104 4853 supradicti,
1142 4765 1220 4855 quia
1255 4763 1307 4833 illi
1338 4761 1428 4834 solun
