2946 5086
161 213 223 287 162

158 396 242 473 sunt,
265 396 301 454 ut
323 387 434 455 videre
457 387 560 453 estin
583 387 716 475 scripto,
739 386 826 475 quod
846 387 982 478 incipit:
1013 388 1104 457 Dum
1124 388 1265 455 Romam
1288 389 1442 455 venissent

159 506 229 582 ete,
250 495 308 563 nbi
329 492 438 562 tame'n
460 515 518 581 pro
540 501 618 559 tunc
646 492 755 558 utilius
787 492 848 558 fuit
869 494 1033 560 Bohemis·
1046 503 1078 560 et
1107 478 1256 561 Moraris
1290 502 1438 582 appetere,

159 610 190 667 et
210 601 294 667 nihil
317 601 501 681 effecerunt,
525 597 583 663 sed
606 605 808 686 compactata
828 597 910 663 haec
931 597 998 664 illis
1019 599 1111 688 Papa
1133 621 1207 665 oum
1231 598 1438 666 cardinalibus
1466 596 1470 607 '

158 708 192 772 in
214 705 352 771 nihilum
375 704 493 789 vertit3
517 703 677 791 quomodo
699 703 798 790 igitur
810 726 898 770 nunc
918 726 985 770 non
1003 704 1125 771 debent
1145 705 1181 771 in
1202 704 1342 773 nihilum
1369 702 1441 773 verti
1466 704 1470 739 ¹

159 821 191 878 et
212 811 384 893 contemni,
408 808 464 875 ubi
486 808 607 897 triplex
629 808 756 874 accedit
778 831 898 874 causa:
1093 886 1123 901 ¹,
1220 812 1223 817 ’
1272 802 1280 816 ’
1465 793 1473 823 ”

243 916 371 983 Primo:
400 937 473 980 eum
494 915 547 981 his
570 912 779 1002 temporibus,
796 914 869 980 Deo
892 915 1013 1002 gratiae
1035 913 1174 1004 agendo,
1195 916 1263 983 iilia
1286 939 1365 1005 opus
1386 938 1436 982 oon

160 1025 208 1101 rit,
231 1028 267 1086 nt
283 1023 354 1108 jam
376 1018 454 1084 dixi.

246 1124 414 1191 Secundo:
450 1145 522 1189 cnm
556 1123 676 1189 asede
698 1124 854 1208 Romana,
886 1133 998 1213 utpote
1030 1147 1084 1192 res
1118 1110 1228 1193 inanis
1264 1135 1296 1192 et
1328 1123 1436 1191 inutilis
1467 1184 1473 1208 ,

164 1238 396 1298 contemnatur.
1423 1306 1426 1311 1
1470 1291 1473 1314 ,

246 1335 378 1401 Tertio:
402 1333 554 1416 maxime,
585 1331 662 1419 quia
683 1330 749 1398 illis
771 1333 827 1400 lex
847 1334 913 1401 Dei
942 1335 1142 1404 contradicit.
1186 1335 1334 1424 Ideoque
1355 1333 1441 1414 intel-
1470 1322 1473 1410 1

161 1441 264 1507 lectus
288 1447 320 1504 et
342 1459 421 1503 sana
442 1437 525 1501 ratio
547 1435 657 1515 dictat,
679 1435 764 1503 hanc
786 1461 856 1504 rem
879 1442 965 1506 eese'
984 1441 1116 1508 inanem
1138 1448 1171 1507 et
1193 1439 1342 1520 stultam,
1363 1439 1443 1505 simi-
1472 1429 1473 1438 ¹

160 1546 204 1612 lia
224 1543 425 1610 infructuosa
458 1541 556 1606 tantis
579 1542 733 1629 expensis
767 1566 931 1631 quaerere.
976 1543 1125 1612 Tandem
1157 1547 1193 1611 in
1231 1545 1287 1612 die
1309 1543 1444 1633 magistri

159 1651 295 1717 Joannis
318 1649 390 1715 Huc
423 1646 487 1712 hoc
516 1668 600 1711 anno
623 1645 805 1734 Pragenses
828 1649 934 1716 denuo
949 1646 952 1651 ’
966 1650 1064 1717 talem
1086 1648 1333 1741 processionem
1364 1651 1444 1716 insti·

161 1762 299 1838 tuerunt,
321 1762 358 1818 ut
379 1760 484 1835 antea,
508 1759 539 1815 et
560 1749 618 1816 illa
639 1749 693 1817 die
724 1775 852 1820 ornnem
884 1757 1062 1843 potentium
1085 1765 1118 1824 et
1137 1759 1227 1847 spires
1262 1748 1346 1824 suaa
1370 1755 1444 1846 prin·

160 1861 226 1948 cipi
249 1857 376 1940 Carolo,
400 1856 529 1924 domino
552 1855 641 1940 Lew,
661 1866 705 1922 'et
726 1859 799 1924 aliis
822 1871 899 1926 tunc
920 1861 1029 1927 multia
1058 1861 1289 1950 praesentibus
1318 1860 1444 1950 proceri·

160 1964 222 2031 bus
245 1963 287 2029 ad
308 1963 498 2051 petitionem
512 1963 641 2029 illorum
664 1963 890 2050 exhibuerunt,
913 1975 946 2031 et
966 1966 1228 2055 perBohemiam
1256 1974 1291 2035 et
1318 1986 1443 2034 commu·

160 2069 277 2138 nitates
301 2069 507 2156 scripserunt,
542 2076 578 2132 ut
599 2069 716 2133 armati
745 2061 940 2136 conveniant
969 2072 1004 2136 in
1032 2070 1138 2137 forum
1159 2071 1338 2159 Pragense,
1372 2091 1442 2160 qnae

162 2175 270 2238 omnia
291 2172 377 2237 facta
401 2181 486 2257 sunt,
511 2180 542 2236 et
565 2171 697 2260 quidam
723 2183 914 2262 expetentes
938 2172 1001 2269 sibi
1023 2197 1115 2241 arma
1135 2176 1223 2242 inter
1243 2177 1334 2244 viros
1364 2166 1473 2267 eqnel

164 2290 246 2345 atres
270 2289 302 2345 et
331 2277 474 2345 Judaecs
506 2289 695 2369 apparatum
737 2280 800 2346 sibi
831 2287 1102 2368 comparaverunt
1123 2278 1294 2367 debitum;
1329 2279 1464 2369 quiden

161 2408 239 2452 vero
269 2385 426 2452 familiam
456 2387 614 2474 juvenem
648 2388 922 2474 conquisiverunt,
954 2407 1091 2473 quorum
1122 2386 1268 2452 omnium
1306 2404 1473 2471 numerus

161 2492 322 2557 maximus
340 2492 437 2579 juxta
458 2490 598 2579 plurium
621 2491 788 2556 hominum
809 2490 1071 2556 informationem
1092 2488 1155 2555 luit
1177 2491 1311 2557 circiter
1332 2489 1371 2565 ed
1391 2469 1473 2555 dut..

162 2597 264 2663 millia
287 2605 319 2662 et
341 2598 545 2684 quingentos,
582 2597 636 2684 qui
661 2619 707 2681 se,
741 2605 861 2689 quanta
881 2595 1050 2661 honestate
1072 2603 1253 2689 potuerant,
1276 2553 1473 2684 praesente&

162 2710 286 2784 verunt,
311 2722 392 2788 quos
415 2700 508 2765 multi
520 2701 667 2767 advenae
686 2702 926 2790 conspicientes
942 2699 1197 2785 admirabantur,
1220 2709 1255 2766 et
1270 2724 1330 2791 pro
1351 2679 1473 2784 subm!

161 2808 318 2872 memoria
341 2814 372 2870 et
394 2804 543 2872 clenodio
568 2807 632 2872 sibi
653 2806 875 2873 aestimabant.
922 2805 993 2871 Ah!
1017 2805 1172 2890 Goridon,
1197 2805 1353 2891 Ocridon,
1374 2783 1473 2892 quse!

162 2922 196 2977 te
219 2911 383 2976 dementia
405 2910 521 2999 cepit?
565 2911 604 2976 In
635 2902 786 2978 omnibus
808 2911 859 2977 his
895 2910 1025 2999 scriptis
1056 2911 1243 3000 quicunque
1278 2869 1473 2979 conuersi-l

165 3017 228 3082 sias
251 3016 310 3080 has
333 3023 365 3080 et
386 3015 566 3082 discordias
598 3039 710 3082 omnes
745 3040 764 3083 a
795 3015 958 3106 principio
992 3036 1095 3104 usque
1125 3015 1167 3082 ad
1200 3015 1301 3082 finem
1333 2989 1473 3084 habits!

159 3121 259 3208 juste,
283 3120 460 3206 prudenter
482 3144 521 3187 ac
555 3122 730 3209 diligenter
765 3120 982 3211 perpenderit,
1018 3120 1169 3208 reperiet,
1203 3123 1316 3187 omnia
1335 3097 1473 3207 Fregel

135 3290 138 3295 ,
167 3224 219 3290 his
241 3224 441 3314 temporibus
464 3234 547 3310 acta,
572 3227 808 3314 quodammodo
830 3226 907 3291 ficta
928 3223 1029 3290 fuisse
1043 3224 1086 3290 ab
1108 3246 1173 3291 uno
1189 3224 1344 3312 alterove,
1365 3222 1437 3292 nihil·
1459 3204 1473 3278 1

166 3332 320 3418 quereri
343 3331 481 3418 acjusti
504 3331 667 3417 habuisse,
701 3330 788 3420 quod
810 3330 1042 3412 demonstrent,
1077 3337 1109 3395 et
1131 3329 1265 3418 quidem
1287 3339 1353 3399 tam
1373 3289 1473 3411 thoti

166 3434 407 3522 quamclerici,
431 3436 672 3524 quodquidam
706 3437 839 3524 ipsimet
858 3440 1083 3521 agnoverunt,
1119 3454 1177 3500 cur
1206 3458 1286 3503 vero
1320 3442 1374 3501 aut
1392 3414 1473 3522 qus¹

168 3538 209 3603 de
233 3560 331 3604 causa
353 3538 434 3606 haec
465 3541 527 3606 sibi
563 3541 727 3624 finxerint,
753 3541 823 3629 jam
858 3561 956 3627 supra
989 3537 1112 3603 dictum
1139 3537 1211 3605 fuit.
1257 3538 1351 3622 Quae
1380 3517 1473 3605 uero¹

166 3651 296 3730 praeter
318 3643 400 3710 haec
422 3654 567 3730 egerunt,
590 3647 710 3734 injuste
733 3654 806 3710 acta
827 3643 966 3727 fuerunt,
999 3642 1041 3708 ab
1064 3641 1129 3707 illis
1151 3643 1231 3730 jura
1252 3667 1320 3712 non
1348 3645 1439 3712 obser·
1464 3605 1473 3722 l

169 3746 332 3813 vantibus.
357 3747 408 3813 Ol
426 3759 503 3838 quot
519 3750 684 3816 hominum
692 3749 823 3838 judices
837 3748 983 3815 dolenter
998 3746 1265 3834 imploraverunt,
1277 3753 1440 3839 petiverunt

168 3862 200 3918 et
214 3875 273 3940 per
290 3853 398 3920 Deum
420 3865 584 3943 rogarunt,
607 3857 753 3922 volentes
771 3857 855 3943 juris
872 3852 985 3919 ordine
1007 3851 1114 3917 audiri
1135 3859 1169 3917 et
1177 3851 1220 3919 ab
1244 3856 1388 3924 omnibus
1403 3855 1440 3920 in·

168 3959 286 4026 debitis
321 3960 455 4045 absolvi,
490 3984 587 4051 super
609 3960 695 4050 quod
717 3960 798 4027 nihil
825 3961 948 4048 justius
968 3954 1107 4023 inveniri
1127 3964 1247 4045 potest,
1281 3961 1362 4029 nihil
1381 3979 1439 4027 vern

169 4064 316 4135 obtinere
338 4074 520 4154 potuerunt.
555 4066 648 4148 Quae
672 4056 748 4154 ergo
772 4050 929 4131 securitas
952 4085 1026 4129 esse
1047 4064 1161 4150 potuit,
1185 4087 1228 4130 ne
1250 4066 1391 4135 homines
1407 4062 1438 4130 ob

167 4172 369 4260 inopinatum
393 4194 486 4237 suum
508 4169 628 4237 malum
652 4194 669 4237 e
693 4172 824 4238 civitate
858 4178 995 4255 exeant,
1031 4190 1106 4264 narn
1127 4167 1251 4236 factum
1272 4173 1342 4258 fuit,
1371 4165 1440 4261 quod
1467 4160 1473 4246 l

169 4277 286 4342 multos
308 4279 499 4343 innoeentes
521 4300 580 4365 pro
602 4278 667 4342 reis
684 4277 865 4343 habuerint.
902 4273 969 4341 Ubi
986 4272 1072 4338 enim
1093 4272 1145 4339 vis
1168 4296 1209 4340 ac
1230 4276 1380 4343 violentia
1396 4274 1438 4341 do·
1461 4249 1473 4354 l

169 4381 319 4466 minatur,
342 4382 389 4448 ibi
407 4383 538 4470 justitia
559 4383 645 4448 vires
666 4391 698 4448 et
720 4404 839 4448 nomen
861 4381 1000 4464 amittit3
1034 4376 1092 4443 ubi
1113 4399 1192 4445 vero
1209 4379 1338 4468 ,justitia
1356 4380 1433 4459 obest

169 4482 283 4551 horror
304 4487 425 4554 inferni
447 4487 617 4574 inhabitat,
643 4511 706 4576 quo
729 4488 889 4577 scriptura
911 4509 1005 4554 sacra
1037 4507 1149 4552 omnes
1179 4486 1301 4574 injuste
1327 4493 1432 4576 ment!

170 4586 347 4677 adjudicat.
1250 4592 1254 4597 ’
