2946 5086
128 92 200 189 ,rao

135 268 245 355 omnia
281 234 412 356 judicia
459 271 491 332 et
525 265 704 334 sententias
745 260 1117 333 excommunicationum
1151 230 1222 341 eto}
1265 265 1428 353 Recogno-

133 379 262 445 scentee
283 370 359 436 illos
382 391 454 435 esse
476 366 592 436 fratres
615 368 784 452 ecclesiae,
808 378 841 435 et
862 391 968 455 veros,
990 369 1154 448 honestos,
1187 378 1220 435 et
1242 370 1427 471 obedientes
1468 438 1471 467 ,

132 475 218 545 filios
240 497 338 544 verae
359 473 446 540 fidei.

681 644 829 713 CAPUT
852 649 882 714 7.
918 670 923 681 ’

132 765 171 824 In
193 781 253 840 quo
273 757 452 834 insinnatur,
478 758 720 837 quomodoDeus
743 759 831 818 mc'do
853 756 1029 818 admirando
1051 758 1232 834 causaverit,
1256 759 1337 837 quod
1351 758 1424 820 Ger·

132 850 214 910 mani
237 848 305 919 cuni
325 845 468 906 Bohemis
501 847 569 905 sine
596 846 685 905 bellis
718 853 747 904 et
770 844 965 905 effusionibus
988 842 1146 929 sanguinis
1179 846 1211 905 in
1233 847 1423 906 concordiam

133 945 164 999 et
184 954 288 1015 pacem
309 933 466 1004 iniverint‚
491 933 651 1011 etquidem
662 934 797 991 maxima
819 930 972 1008 decanea,
994 950 1047 1010 per
1058 933 1243 1010 agnitionem
1257 933 1423 994 VerbiDei.

212 1035 271 1104 Ex
299 1032 526 1120 suprascriptis
558 1034 679 1099 veritas
711 1030 883 1114 invenitur,
918 1031 1003 1119 quod
1038 1033 1183 1099 seniores
1215 1032 1355 1098 Bohemi
1387 1033 1424 1098 ob

134 1141 226 1208 varia
247 1137 383 1204 dissidia
404 1137 439 1201 in
460 1158 563 1222 regno
585 1135 762 1201 Bohemiac
800 1143 832 1200 et
853 1132 932 1200 alibi
955 1143 1067 1200 contra
1087 1135 1162 1202 illos
1185 1145 1301 1203 exorta
1311 1136 1424 1203 allabo-

131 1246 346 1322 caverint-ut
365 1240 409 1307 ad
429 1242 583 1307 unionem
604 1242 776 1329 pervenire
798 1241 925 1329 possint
947 1248 1020 1306 c'um
1035 1242 1187 1328 gentibus
1210 1241 1294 1326 aliis,
1319 1242 1422 1309 volen-

135 1359 185 1417 tes
204 1357 282 1416 tunc
303 1346 415 1412 fauces
437 1344 510 1410 talis
531 1343 645 1429 rabiei,
677 1367 759 1434 quae
782 1356 849 1412 turn
871 1343 1086 1430 dilatabatur,¹
1109 1345 1288 1412 obstruere.
1334 1347 1423 1413 Nunc

132 1476 210 1522 vero
232 1454 306 1520 Dec
328 1450 505 1538 adjuvante
540 1471 594 1515 res
627 1471 665 1515 eo
688 1450 829 1527 devenit,
865 1449 951 1537 quod
973 1449 1096 1535 absque
1126 1450 1291 1516 omnibus·
1308 1452 1425 1517 incom-

132 1557 238 1625 modis
274 1564 307 1622 et
327 1553 495 1621 hominnm
528 1555 625 1632 curis,
643 1553 810 1629 ‚Dominus
833 1552 923 1618 Deus
954 1552 1122 1642 inopinate
1135 1564 1260 1641 gentes
1281 1558 1427 1643 proxime

132 1660 401 1746 circumjacentes
434 1658 477 1723 ad
505 1658 707 1743 agnitionem
739 1657 823 1743 legis
856 1656 988 1723 divinae
1022 1650 1224 1742 excitaverit,
1264 1661 1323 1747 qui
1353 1661 1427 1725 alias

133 1788 262 1856 semper
283 1762 464 1839 adversarii
476 1759 694 1826 Bohemorum
719 1760 858 1844 fuerunt,
880 1761 1027 1828 nolentes
1049 1763 1114 1829 illis
1135 1763 1248 1830 favere
1269 1773 1303 1830 et
1326 1764 1426 1830 locum

134 1872 212 1938 dare
235 1871 275 1954 ei,
298 1869 385 1957 qnod
407 1867 557 1933 dominns
580 1865 673 1931 Deu's
697 1867 744 1935 eis
766 1888 825 1952 pro
847 1866 955 1932 futura
966 1869 1085 1934 virium
1107 1869 1334 1935 imminutione
1345 1869 1427 1935 sedis

131 1975 258 2065 papalis
280 1974 423 2041 tribuere
444 1971 598 2059 dignatus
619 1972 690 2049 fuit,
723 1992 830 2056 neque
865 1972 998 2038 credere
1027 1971 1191 2057 volebant,
1230 1974 1304 2040 dari
1336 1997 1427 2063 posse

132 2080 255 2167 aliquid
277 2079 487 2161 constantius,
522 2079 641 2143 certius
663 2076 760 2142 etad
782 2076 994 2143 substantiam
1017 2078 1130 2145 salutis
1158 2077 1280 2162 utilius,
1303 2089 1427 2167 praeter

131 2183 266 2273 papales
303 2192 336 2249 et
366 2183 502 2249 aliorum
534 2182 701 2247 hominum
734 2182 989 2249 constitutiones.
1032 2182 1099 2249 Ubi
1130 2184 1243 2271 prime
1260 2185 1425 2268 Erasmus,

131 2297 206 2378 post
226 2287 319 2354 illum
339 2295 448 2352 autem
470 2285 567 2374 paulo
589 2293 664 2372 post
684 2283 792 2349 adhuc
813 2283 972 2365 fervidius
994 2286 1153 2353 Martinus
1171 2287 1337 2355 Lutherus
1359 2313 1427 2355 crnn

33 2428 36 2433 1
133 2391 326 2481 sequacibus
349 2392 415 2456 suis
438 2413 480 2456 ex
500 2390 658 2463 instinctu
680 2387 791 2454 divino
819 2389 1000 2467 Germanas
1024 2391 1293 2478 circumjacentes
1318 2404 1426 2480 gentes

133 2507 264 2567 strenue
286 2495 465 2564 secundum
487 2496 596 2582 legem
618 2493 763 2560 divinam
786 2492 1028 2561 animaverunt
1021 2494 1160 2583 1taque
1171 2519 1225 2563 res
1238 2498 1427 2564 admiranda

132 2614 191 2691 est,
214 2603 301 2693 quod
322 2611 398 2669 ante
419 2611 567 2689 tempora
589 2607 621 2666 et
642 2621 745 2667 annos
768 2602 960 2687 praeteritos
984 2600 1140 2675 Germani
1162 2611 1196 2667 et
1216 2603 1304 2669 aliae
1316 2612 1425 2689 gentes

132 2715 240 2801 legem
261 2710 365 2776 Dei
356 2732 391 2775 ιιι
423 2728 541 2794 magno
574 2714 762 2794 contemptu
784 2706 967 2789 habuerint,
1004 2706 1100 2774 modo
1134 2714 1243 2773 autem
1281 2709 1326 2777 ad
1358 2733 1426 2775 eam

133 2818 267 2911 propius
289 2813 502 2896 accesserint,
535 2811 695 2898 quomodo
728 2814 838 2900 itaque
870 2812 919 2883 illi
940 2812 1076 2900 papales
1109 2810 1211 2898 legati
1231 2813 1268 2879 in
1291 2816 1426 2882 concilio

133 2921 315 2990 Basileensi
337 2921 371 2984 in
392 2917 771 3004 compactatisBohemis
795 2916 979 2983 etMoravis
1002 2917 1224 2984 confoederati
1247 2929 1333 3005 sunt,
1356 2944 1427 2988 cum

132 3027 271 3093 Romani
292 3016 457 3110 nunquam
491 3021 716 3106 satisfecerint,
740 3031 776 3089 ut
797 3006 1148 3090 excommunicationes
1179 3027 1423 3112 peregrinarum

133 3133 300 3198 nationum
333 3128 447 3195 tollere
470 3128 640 3211 deberent,
675 3129 734 3194 sed
764 3129 829 3193 imo
861 3129 932 3192 sine
965 3128 1189 3194 imminutione
1218 3140 1429 3196 accreverunt

134 3233 300 3325 usquead
321 3233 404 3299 haec
425 3243 579 3320 tempora,
618 3232 695 3299 dum
716 3233 751 3298 in
773 3232 958 3319 praesentia
992 3233 1230 3298 nominatorum
1264 3233 1429 3301 doctorum

138 3343 206 3406 sine
228 3339 317 3404 omni
338 3336 495 3403 violentia
514 3338 549 3401 in
570 3358 695 3424 pacem,
730 3335 947 3413 concordiam,
982 3343 1014 3401 et
1034 3336 1181 3402 favorem
1213 3347 1330 3424 gentes
1359 3339 1429 3404 illas

138 3466 211 3513 cum
235 3443 359 3510 eisdem
381 3440 597 3523 adduxerunt,
619 3442 664 3505 ita
685 3447 722 3505 ut
737 3441 809 3527 jam
830 3441 963 3526 ipsimet
985 3442 1219 3527 poenitentiam
1232 3444 1430 3508 conscientia

135 3550 233 3619 ducti,
246 3548 381 3636 egerint,
404 3554 629 3632 agnoscentes,
652 3543 741 3631 quod
762 3553 828 3615 tam
840 3532 909 3627 illi,
932 3566 1028 3629 quarn
1049 3567 1278 3630 praecessores
1311 3570 1428 3623 eorum,

135 3656 285 3726 omnibus
301 3652 459 3719 ,fidelibus
480 3651 634 3717 Bohemis
657 3660 689 3717 et
709 3649 852 3716 Moravis
874 3650 1039 3716 modernis
1062 3660 1094 3716 et
1115 3653 1319 3738 praegressis
1349 3655 1429 3741 inju-

132 3764 214 3828 riam
236 3778 388 3844 magnam
408 3755 584 3838 intulerint,
608 3763 849 3820 contemnentes
871 3752 944 3819 illos
967 3757 1038 3827 sine
1061 3777 1159 3820 causa
1182 3766 1214 3822 et
1236 3758 1344 3847 culpa.
1376 3759 1428 3824 Ex

134 3865 252 3953 quibus
275 3861 409 3928 cuilibet
429 3867 528 3947 patet,
564 3859 763 3947 quodmodo
798 3869 987 3946 comportata
1014 3863 1154 3944 fructum
1187 3862 1311 3928 collum
1339 3862 1428 3927 adfe-

136 3979 220 4054 rant,
254 3969 338 4035 sicut
357 3965 491 4039 forsitan
524 3974 599 4031 ante
631 3986 733 4030 annos
767 3965 1000 4052 qninquaginta
1037 3955 1092 4030 aut
1124 3967 1295 4052 sexaginta
1325 3968 1429 4055 aliquo

136 4075 232 4143 modo
255 4071 374 4139 fructui
396 4092 469 4136 esse
491 4080 673 4158 potuerunt,
710 4068 767 4134 sed
800 4071 835 4134 i'n
857 4094 1003 4156 magnam
1027 4073 1237 4137 detrtrnentum
1268 4081 1302 4145 et
1328 4073 1428 4137 immi-

136 4183 302 4263 nutionem
331 4176 478 4243 veritatis
512 4175 595 4262 legis
630 4171 761 4240 divinae
784 4175 844 4240 sub
878 4196 996 4260 magna
1031 4173 1152 4240 seduct'
1131 4185 1218 4239 trone
1253 4186 1286 4241 et
1319 4176 1430 4242 frande

139 4306 211 4354 esse
224 4283 443 4366 deberente
444 4279 681 4363 tMoravi,ut
668 4280 759 4377 tilla
782 4288 921 4356 servent,
943 4283 978 4344 in
999 4281 1047 4346 eis
1069 4280 1227 4345 insertum
1250 4288 1318 4365 est3
1355 4283 1429 4346 item

137 4389 275 4463 Bobemi
297 4409 339 4454 ex
360 4394 451 4476 parte
421 4383 534 4450 tsub
558 4393 693 4480 utreque
716 4387 825 4472 specie
849 4385 1163 4468 communicantium,
1196 4383 1275 4450 dum
1298 4408 1336 4451 se
1359 4386 1430 4452 sub·

137 4497 302 4576 miserunt,
325 4514 344 4557 e
366 4498 478 4556 contra
498 4511 576 4554 vero
600 4489 676 4555 dum
698 4489 780 4554 haec
802 4489 996 4555 desererent.
1040 4476 1184 4576 Ideoque
1209 4510 1284 4554 cum
1297 4513 1428 4557 necesse

134 4602 205 4689 jam
227 4595 367 4679 nonsit,
401 4603 437 4661 ut
468 4614 554 4682 papa
586 4595 938 4659 excommunicationes
970 4593 1070 4678 tollat,
1105 4596 1277 4682 quaejam
1301 4596 1429 4661 aliunde

138 4705 211 4772 Deo
231 4705 278 4771 ita
299 4700 397 4769 dante
416 4700 588 4771 Germanis
608 4700 643 4766 in
665 4698 730 4766 Dei
751 4699 824 4786 lege
847 4696 992 4765 sublatae
1020 4707 1103 4784 sunt,
1127 4707 1159 4766 et
1176 4700 1275 4789 juxta
1290 4709 1427 4769 mentem
