2946 5086
1315 198 1421 275 tte·

94 387 267 461 secretarii
286 386 474 461 nuntiorum
495 384 658 471 regiorum
678 385 715 449 in
735 382 827 451 curia
845 379 1004 468 Pragensi
1033 376 1122 465 large
1150 375 1275 444 locutus
1306 377 1376 463 tuit,

91 497 153 567 sed
175 495 238 565 snb
259 493 343 577 velo,
365 491 467 561 verbo
488 490 627 557 aliorum
649 495 905 571 consenatorum,
925 481 1016 573 ,qnod
1038 481 1236 549 voluntatem
1259 492 1292 547 et
1312 483 1382 549 lite·

90 625 145 673 ras
167 601 255 669 Suae
269 598 448 689 majestatis
463 596 585 682 Regiae
607 593 729 683 (capita
749 614 809 658 sna
837 587 1043 676 inclinantes)
1067 586 1245 675 adimplere
1267 587 1376 657 velint

93 707 213 777 Postea
234 725 313 773 vero
335 723 438 790 usque
459 700 502 767 ad
522 698 607 765 hanc
629 717 753 763 moram
768 696 867 762 variis
883 691 1030 782 ejusdem
1048 692 1151 758 literis
1173 691 1279 757 locum
1306 693 1384 761 dare

96 810 210 894 noluit,
232 807 292 876 sed
313 828 379 873 non
401 803 505 873 solnm
525 801 716 891 ampliasse
738 799 844 868 eidem
859 820 925 864 non
947 797 1107 881 submisit,
1128 818 1251 881 verum,
1274 807 1310 864 ut
1323 820 1385 889 neo

93 917 135 983 do
155 913 273 983 eodem
295 913 424 993 sciatur,
446 916 556 995 gratus
579 928 652 973 esse
683 904 805 991 voluit3
829 904 918 992 prius
945 902 1031 969 enim
1066 900 1232 967 hominum
1253 901 1387 971 afffictio

94 1019 319 1089 innocentium
342 1015 447 1083 eidem
470 1011 683 1100 complacuit;
704 1009 865 1097 posterius
888 1029 966 1074 vero
980 1006 1085 1073 eidem
1108 1006 1284 1093 displicuit,
1306 1008 1384 1094 quia

97 1124 208 1191 omnia
227 1119 392 1209 tyrannidi
414 1120 484 1207 ejus
513 1113 794 1197 adversabantur;
828 1133 910 1201 quae
941 1110 1071 1176 tandem
1106 1109 1211 1175 eidem
1238 1111 1346 1176 omnia
1362 1132 1385 1177 a

96 1250 175 1316 rega
195 1223 407 1295 Ferdinando
438 1223 472 1287 in
505 1219 693 1285 memoriam
722 1215 858 1283 reducta
890 1214 1029 1301 morunt,
1060 1214 1136 1280 dum
1167 1236 1240 1279 eum
1273 1213 1382 1301 Praga

98 1330 266 1419 relegavit

646 1458 793 1527 CAPUT
813 1459 843 1524 5.
911 1520 918 1529 ,

96 1647 159 1711 Ubi
179 1643 359 1719 insinuatur,
382 1644 485 1719 quales
508 1641 612 1703 literas
633 1659 689 1699 rex
710 1639 883 1701 Ludovicns
905 1642 943 1700 ad
967 1639 1184 1716 consistorium,
1214 1648 1243 1698 et
1276 1639 1387 1699 alteras

94 1736 135 1795 ad
158 1733 294 1794 civitates
316 1730 416 1811 regias
439 1730 561 1805 miserit,
584 1746 684 1789 omnes
706 1727 879 1803 admonens,
900 1737 933 1787 ut
953 1726 1158 1787 sacerdotibus
1180 1726 1282 1786 stricte
1305 1724 1383 1783 inhi-

92 1824 196 1893 beant,
218 1826 252 1877 ut
273 1818 347 1877 tales
370 1817 525 1878 conciones
547 1816 745 1874 tumultuosas
768 1815 914 1889 omittant,
936 1815 989 1873 scd
1012 1813 1110 1891 potins
1133 1814 1171 1873 ad
1205 1812 1379 1872 charitatem

362 1912 391 1963 et
413 1903 542 1980 quietem
566 1921 601 1962 sc
632 1901 817 1962 concordiam
839 1903 1026 1961 admoneant.
1050 1900 1140 1961 1526.

183 2089 247 2157 lllo
270 2099 416 2179 tempore
438 2112 498 2156 rex
521 2092 617 2157 etiam
651 2090 784 2179 scripsit
813 2088 863 2153 his
885 2086 927 2151 de
949 2087 1047 2153 rebus
1081 2086 1190 2153 literas
1213 2086 1254 2153 ad
1282 2090 1389 2155 consi-

95 2196 244 2278 storium,
259 2194 316 2261 tali
337 2194 460 2261 forma:

297 2298 483 2367 Lndovicus
505 2298 572 2368 Dei
593 2301 699 2388 grstia
721 2310 780 2368 etc

183 2403 350 2491 Religiosi,
374 2406 513 2490 honesti,
544 2404 657 2472 fideles
685 2407 786 2473 nostri
820 2402 940 2473 dilecti.
983 2404 1137 2471 Notitiam
1171 2405 1387 2493 percepimus,

98 2508 188 2599 quod
210 2509 497 2599 qnidam-parochi
521 2510 563 2576 de
584 2511 678 2578 vobis
718 2520 750 2577 et
772 2511 957 2577 sacerdotes
979 2510 1167 2577 incivitate
1189 2519 1300 2575 nostra
1313 2508 1388 2581 Pmr

97 2614 193 2702 gensi
216 2616 391 2680 conciones
413 2614 627 2682 tumultuosas
649 2625 683 2681 et
704 2614 920 2681 calumniosas
953 2623 1066 2680 contra
1094 2634 1249 2702 personas
1271 2613 1389 2681 multas

97 2739 141 2786 ex
175 2720 326 2786 omnibus
359 2718 464 2786 tribus
495 2719 631 2786 statibus
663 2712 865 2808 praedicent
900 2730 932 2807 et
962 2721 1201 2817 communitatis
1234 2718 1388 2809 populum

98 2832 216 2891 contra
236 2824 379 2890 invicem
413 2824 584 2910 concitent,
609 2834 641 2890 et
662 2826 753 2891 varie
787 2827 981 2913 vituperent,
1015 2824 1110 2891 simul
1145 2827 1243 2890 etiam
1276 2831 1389 2890 contra

101 2929 212 2995 literas
247 2936 384 3012 nostras,
407 2950 488 3015 quas
520 2930 721 3017 praegressis
750 2929 951 3018 temporibus
983 2929 1128 2995 honestis
1166 2926 1386 3015 Pragensibue

101 3034 199 3101 scribi
220 3032 377 3099 mandare
400 3032 525 3121 dignati
546 3033 666 3100 fuitum
689 3034 731 3099 de
753 3033 810 3101 illo
831 3034 979 3119 tumultu,
1002 3034 1105 3122 quiin
1128 3033 1207 3100 urbe
1229 3034 1387 3121 Pragensi

97 3139 183 3206 inter
201 3137 353 3217 ,subdita
384 3147 512 3205 nostros
548 3147 637 3204 ortus
666 3138 736 3222 fuit,
770 3148 804 3206 et
839 3138 925 3228 quod
946 3138 1096 3205 voluntas
1130 3130 1239 3205 nostra
1269 3140 1321 3223 sit,
1353 3148 1390 3204 ut

97 3263 211 3311 ornnes
231 3241 389 3309 tumultus
411 3251 445 3308 et
465 3241 647 3309 discordiae
681 3245 935 3330 comportatione
966 3241 1129 3309 amicabili
1158 3242 1212 3308 vel
1229 3243 1320 3331 justo
1336 3243 1389 3332 jn·

96 3348 183 3417 dicio
204 3346 305 3413 hem
326 3368 419 3413 suum
441 3349 620 3436 acquirant,
642 3345 798 3412 dicentes¹
811 3356 843 3412 et
856 3346 1092 3434 praedicantes,
1116 3345 1203 3434 quod
1224 3346 1285 3413 hae
1321 3346 1392 3414 lite·
1465 3420 1468 3425 ,

97 3457 157 3520 rse'
174 3451 309 3518 nomine
329 3460 440 3518 nostm
461 3453 552 3539 regio
585 3449 693 3517 editae
715 3472 781 3516 non
813 3449 942 3534 fuerint,
972 3450 1030 3517 sed
1057 3452 1133 3517 sine
1162 3458 1271 3517 nostro
1306 3453 1389 3519 scitu

95 3558 217 3625 missae
237 3555 367 3642 fuerint,
383 3555 477 3646 quod
499 3556 600 3622 menti
622 3564 752 3622 nostrae
774 3553 871 3622 valde
893 3556 1089 3621 contrarium
1112 3563 1180 3641 est;
1204 3553 1282 3620 dnm
1303 3554 1386 3621 tales

94 3662 282 3739 conciones,
305 3684 349 3727 ex
369 3661 488 3749 quibus
508 3659 699 3748 inquietudo
722 3661 887 3727 etodium
911 3662 1066 3746 oriuntur,
1095 3660 1275 3743 admittitis,
1303 3657 1391 3725 ideo·

93 3788 157 3856 que
179 3764 284 3833 vobis
309 3767 422 3832 stricte
443 3763 644 3849 mandamus,
680 3773 717 3831 ut
736 3767 841 3853 primo
862 3766 897 3830 in
919 3765 1130 3831 concionibus
1157 3766 1275 3832 vestris
1305 3784 1391 3829 com·

93 3870 285 3939 munitatem
306 3869 349 3937 ad
360 3870 550 3937 charitatem
566 3870 784 3952 christianam,
797 3869 1002 3936 concordiam
1013 3872 1198 3957 etquietem
1219 3868 1391 3935 admones·

92 3977 145 4060 tis,
183 3975 321 4063 aliisquo
356 3975 507 4064 parochis
540 3986 573 4042 et
606 3973 829 4042 sacerdotibus
860 3973 940 4040 illud
961 3975 1127 4058 intimetis,
1150 3985 1186 4041 ut
1208 3972 1386 4041 secundum

92 4088 205 4148 nostra
216 4079 369 4146 mandata
390 4100 425 4145 se
447 4090 571 4167 gerant,
583 4079 752 4146 mandetis.
773 4076 818 4144 Et
839 4079 950 4167 siquis
971 4080 1006 4145 in
1021 4080 1153 4145 civitate
1185 4089 1296 4171 nostra
1315 4078 1393 4146 Pra-

92 4185 187 4274 gensi
202 4183 423 4266 inveniretur,¹
438 4185 495 4272 qui
517 4184 621 4251 afide
643 4184 820 4251 christiana
835 4186 1009 4269 aberraret,
1031 4185 1088 4251 ille
1109 4183 1152 4250 ad
1165 4205 1225 4250 vos
1237 4194 1270 4251 et
1291 4206 1384 4252 sena·
1404 4172 1407 4177 ¹

94 4298 164 4359 mm
178 4288 304 4372 citam,
317 4288 582 4356 etsihocdeillo
595 4288 765 4376 probatum
788 4303 821 4356 et
843 4312 920 4358 vere
942 4292 1087 4379 agnitum
1110 4288 1217 4372 fuerit,
1230 4288 1286 4354 ille
1308 4310 1377 4356 cor·

95 4395 244 4483 rigabam
268 4394 296 4459 si
334 4400 443 4459 tamen
465 4396 696 4461 contumaciter
717 4394 751 4458 in
789 4416 847 4460 suo
870 4415 978 4461 errore
999 4394 1176 4484 perstiterit
1198 4401 1231 4457 et
1264 4394 1384 4480 corrigi

95 4497 246 4580 noluerit,
269 4495 327 4563 tali
348 4496 459 4564 debito
482 4506 627 4587 tempore
650 4518 724 4565 snas
747 4519 800 4563 res
823 4497 1001 4566 divendere
1033 4496 1238 4566 mandabitis.
1294 4496 1392 4578 Quod

94 4612 204 4672 antem
226 4601 339 4668 literas
374 4610 502 4669 nostras
536 4602 661 4688 attinet,
684 4623 764 4691 quas
787 4603 829 4668 de
849 4605 997 4691 personis
1018 4604 1124 4691 Praga
1147 4600 1298 4669 exulibus
1320 4623 1381 4689 pro

92 4730 184 4779 nnnc
204 4707 334 4775 mittere
355 4705 580 4794 dignabamur,
602 4707 645 4774 de
666 4708 716 4774 his
733 4707 858 4793 scitote,
878 4707 952 4775 illas
965 4708 1007 4775 de
1029 4719 1118 4776 certa
1139 4718 1250 4777 nosue
1278 4707 1383 4773 scien·

92 4815 159 4902 ἡ.
171 4832 338 4885 consensu
356 4819 391 4880 st
405 4808 570 4898 mandato,
592 4834 667 4887 cnm
688 4810 927 4906 subscriptione
948 4834 1064 4884 nanus
1083 4826 1216 4886 nosnos
1239 4809 1389 4905 propriso
