2946 5086
1331 158 1376 228 69

76 320 182 408 logiis,
206 323 243 387 in
264 322 395 407 fabulis,
417 323 592 412 figmentis,
615 327 793 393 audacibus
815 328 973 399 doctrinis
1005 328 1092 399 bene
1126 332 1270 416 edoctus,
1294 354 1376 401 nun·

78 425 164 510 tium,
189 427 280 514 quod
303 450 346 493 ex
367 428 538 514 Hungaria
560 431 676 515 attulit,
699 433 871 515 intimavit,
896 432 1073 522 literaeque
1095 458 1116 500 a
1136 458 1215 522 rege
1233 435 1377 522 protulit,

83 537 111 592 et
129 531 177 594 ita
198 531 350 597 fremitus
372 533 546 618 Pragensis
579 534 676 598 altius
709 534 848 622 pedibus
880 537 1008 602 institit.
1053 538 1160 626 Atque
1183 542 1298 608 eodem
1320 542 1376 609 die

82 632 279 699 sacerdotem
301 634 473 719 Jeccbum,
497 637 699 703 sacerdotem
712 638 940 704 Wenceslaum
963 639 1108 720 Sohidlo,
1131 652 1164 708 et
1183 648 1375 731 magistrum

85 732 235 802 Mathiam
258 739 458 823 Korambus,
496 746 548 828 qui
585 741 778 829 plusquam
800 764 866 807 uno
899 765 985 808 anno
1019 745 1153 811 exulare
1178 751 1265 836 jussi
1287 758 1373 834 sunt,

83 840 188 906 iterum
214 852 437 928 susceperunt.
481 843 521 908 In
543 844 606 910 hoc
627 867 807 932 congressu
822 848 919 912 etiam
935 849 1013 914 novi
1031 849 1160 915 articuli
1180 852 1369 941 conscripti,

86 953 108 1009 et
136 947 271 1012 nomine
303 948 403 1011 totius
426 949 666 1014 communitatis
690 952 843 1038 suscepti,
866 951 1048 1017 confirmati
1079 961 1111 1018 et
1133 955 1268 1022 stabiliti
1297 957 1374 1023 fue·

85 1057 155 1132 unt,
188 1072 230 1114 ac
262 1051 421 1137 inscripti,
456 1053 511 1139 qui
545 1053 591 1116 ita
613 1062 746 1137 sonant3
784 1063 882 1140 prout
915 1063 947 1120 et
980 1054 1099 1120 deinde
1120 1060 1192 1144 regi
1214 1048 1262 1124 ad'
1278 1059 1370 1126 Hun-

87 1154 199 1237 gariam
224 1174 280 1218 ecs
302 1153 469 1237 miserunt,
492 1157 527 1219 in
548 1154 600 1219 his
622 1154 753 1221 verbis:

617 1387 763 1453 CAPUT
786 1390 839 1455 24.

82 1491 139 1570 Quo
161 1502 304 1556 notantur
325 1496 443 1556 articuli
466 1517 484 1556 a
505 1505 569 1557 tota
592 1498 803 1558 communitate
825 1499 924 1572 electi,
959 1505 988 1557 et
1010 1498 1168 1576 acceptati,
1191 1506 1225 1559 ut
1245 1519 1301 1579 pro
1323 1501 1370 1563 in·

309 1584 385 1642 turis
412 1585 597 1662 temporibus
621 1594 791 1659 serventur,
814 1593 844 1644 et
867 1593 935 1644 sunt
957 1585 1066 1662 viginti
1088 1587 1157 1645 duo.

158 1787 200 1852 In
222 1789 355 1854 nomine
376 1788 449 1855 Dei.
484 1787 601 1856 Amen.
634 1788 702 1853 Nos
725 1788 837 1853 consul
859 1797 891 1851 ct
914 1795 1055 1869 senatus,
1065 1785 1197 1874 judicer
1214 1785 1366 1871 minores,

79 1891 218 1957 seniores
243 1892 493 1974 communitatis,
517 1900 550 1956 et
571 1900 640 1956 tota
660 1893 875 1957 communitas
886 1891 1079 1975 Pragensis,
1102 1898 1215 1954 notum
1230 1889 1369 1957 facimus

79 1993 137 2059 hcc
157 2005 271 2060 nostro
296 1996 427 2083 scripto,
463 2007 495 2060 et
526 1997 791 2082 recognoscimus
826 2017 884 2082 pro
915 1994 1010 2060 nobis
1045 2002 1078 2058 et
1099 1996 1219 2060 nostris
1242 2016 1370 2061 succes-

82 2098 201 2164 soribus
225 2099 385 2182 omnibus,
409 2109 441 2162 et
464 2100 600 2185 singulis
623 2101 812 2182 universim,
843 2100 898 2164 ubi
922 2100 1079 2185 scriptum
1101 2099 1164 2165 hoc
1187 2100 1373 2167 confectum
1392 2096 1396 2103 ’

85 2211 113 2266 et
132 2204 275 2269 civitatis
297 2213 431 2269 nostrae
454 2202 548 2268 libris
570 2205 764 2291 inscriptum
787 2204 921 2290 legetur,
941 2201 1116 2280 videbitur,
1139 2214 1195 2268 aut
1230 2203 1297 2290 legi
1317 2226 1373 2270 au·

86 2304 202 2393 dictur;
241 2307 327 2395 quod
364 2308 580 2390 advertentes,
610 2306 770 2394 quomodo
804 2309 880 2372 unio
914 2316 946 2372 et
969 2307 1143 2372 concordia
1170 2309 1266 2394 juris,
1289 2328 1373 2395 quae

86 2410 170 2476 nobis
192 2410 284 2476 Deus
307 2410 511 2498 omnipotens
534 2410 575 2475 de
598 2412 702 2494 gratia
724 2433 782 2475 sua
805 2410 916 2496 largiri
946 2409 1099 2496 dignatus
1131 2418 1189 2493 eet,
1212 2410 1307 2476 nobis
1343 2420 1378 2476 et

89 2514 319 2581 successoribus
351 2516 470 2580 nostris
504 2515 545 2578 sit
586 2524 618 2578 et
641 2537 713 2579 esse
734 2516 839 2602 possit
860 2513 1053 2597 honorifica,
1090 2515 1180 2578 utilis
1219 2522 1252 2577 et
1287 2512 1372 2578 fruc·

88 2623 179 2700 tuosa,
202 2618 401 2684 advertimus
424 2620 531 2702 etiam,
557 2617 643 2704 quod
678 2620 754 2683 unio
777 2618 867 2683 vocis
887 2617 1080 2704 praeprimis
1096 2616 1139 2682 ad
1161 2615 1242 2681 haec
1264 2621 1398 2682 neces?

92 2723 164 2787 saria
186 2724 237 2804 sit,
260 2732 355 2808 prout
376 2723 452 2786 unio
471 2723 612 2787 civitatis
635 2729 666 2785 et
683 2723 767 2809 juris
789 2721 936 2786 firmant:
959 2728 1170 2808 quapropter
1191 2742 1251 2786 nos
1266 2740 1377 2807 supra·

92 2825 188 2911 scripti
211 2823 324 2889 consul
348 2834 380 2889 et
403 2835 543 2906 senatus,
566 2823 696 2912 judices
719 2824 888 2890 inferiores
912 2833 944 2889 et
966 2832 1033 2889 tota
1056 2825 1270 2889 communitas
1297 2822 1375 2890 civi·

91 2929 153 2992 tatis
173 2929 348 3014 Pragensis
370 2931 404 2992 in
426 2929 488 2994 hoc
511 2930 744 3011 consensimus,
768 2937 803 2993 ut
819 2930 972 2996 articulos
1003 2951 1081 2994 mox
1104 2929 1309 3015 subscriptos
1326 2928 1376 2992 in·

91 3032 195 3098 violate
219 3055 448 3098 conservemus
470 3056 557 3098 nunc
580 3042 612 3097 et
633 3033 983 3119 futuris'temporibus.

162 3136 244 3202 Item
265 3137 393 3223 prim03
417 3137 487 3203 laus
510 3146 543 3202 et
566 3137 668 3202 honor
690 3137 763 3202 Deo
787 3137 997 3224 omnipotenti
1028 3139 1098 3201 sine
1127 3136 1215 3198 omni
1236 3133 1374 3222 impedi·

91 3249 185 3306 mento
208 3240 312 3323 detur,
335 3263 425 3306 more
459 3240 530 3322 hoc,
565 3249 661 3328 prout
690 3241 918 3306 achristianis
950 3263 1010 3328 per
1031 3242 1221 3305 universum
1259 3241 1372 3307 orbem

91 3349 234 3409 terrarum
257 3344 418 3428 tribuitur,
441 3366 560 3430 nempe
580 3354 616 3407 ut
639 3343 757 3409 Sancta
781 3344 926 3409 Trinitas
956 3344 1142 3427 honoretur,
1166 3353 1277 3410 coetus
1294 3367 1372 3413 coe·

92 3443 168 3513 lestis
189 3472 210 3514 a
230 3449 326 3515 nobis
364 3448 513 3514 laudetur
551 3448 730 3513 secundum
764 3449 901 3534 gratiam
931 3446 1026 3513 nobis
1059 3468 1080 3511 a
1101 3446 1174 3512 Deo
1198 3446 1317 3532 datam,
1340 3456 1374 3514 ct

89 3548 169 3632 juxta
190 3554 314 3636 merita,
337 3562 373 3617 ut
394 3552 571 3640 adjuvante
595 3552 661 3617 Dei
684 3554 791 3639 gratia
815 3574 852 3618 eo
874 3553 1047 3640 pervenire
1069 3552 1242 3637 possimus.

161 3657 265 3741 Item3
288 3667 324 3722 ut
344 3658 472 3722 incolae
494 3679 617 3739 omnes,
641 3665 673 3723 ct
695 3659 785 3722 cives
809 3658 949 3724 civitatis
972 3656 1102 3721 nostrae
1126 3664 1315 3742 praesentes
1335 3663 1369 3720 et

91 3754 174 3825 irturi
197 3761 282 3826 inter
304 3783 339 3826 se
361 3784 428 3827 non
463 3769 635 3849 acceptent
669 3761 826 3845 homines,
860 3760 1044 3850 etquidem
1080 3779 1143 3825 nec
1165 3781 1265 3824 unum
1284 3779 1371 3824 mor-

90 3862 199 3940 talium,
223 3866 278 3952 qui
300 3867 581 3952 participationem
604 3876 736 3931 sanctae
759 3867 955 3932 christianae
992 3864 1151 3931 ecclesiae
1173 3860 1368 3928 universalis

90 3977 320 4053 conservaret,
344 3976 376 4032 ct
399 3991 465 4052 eos,
488 3970 600 4055 quiin
627 3971 766 4034 ecclesia
799 3979 911 4034 sancta
941 3968 1188 4056 triumpharunt,
1213 3967 1315 4053 sequi,
1341 3971 1374 4029 ct
1428 3979 1429 3982 ’

89 4089 188 4136 corum
211 4071 433 4138 solemnitates
467 4076 712 4139 commemorari
735 4072 845 4157 nollet,
881 4076 964 4139 sicut
986 4074 1153 4138 christiani
1170 4073 1272 4159 primi
1293 4089 1370 4154 ege·

88 4184 171 4261 runt3
194 4185 231 4241 ut
253 4199 365 4242 omnes
388 4178 498 4242 omnia
521 4176 765 4241 christianitatis
800 4186 1003 4244 sacramenta
1033 4199 1053 4241 a
1075 4176 1205 4241 Christo
1227 4173 1370 4238 Domino

87 4278 234 4363 instituta,
258 4289 292 4345 et
312 4282 346 4345 in
381 4290 493 4345 sancta
526 4280 701 4345 christiana
722 4279 862 4344 ecclesia
896 4280 937 4344 ab
968 4278 1119 4344 omnibus
1141 4277 1293 4345 fidelibus
1316 4297 1369 4342 ac·

86 4392 207 4471 reptata
230 4406 408 4468 servemus,
431 4387 519 4450 etin
543 4385 608 4450 illis
631 4407 651 4449 a
673 4407 864 4471 quocunque
893 4384 982 4449 nullo
1016 4383 1113 4448 modo
1143 4404 1203 4447 nos
1227 4384 1373 4447 sinamus
1463 4462 1468 4472 Ι

85 4489 254 4566 immutari,
279 4490 391 4554 sive·a
415 4488 506 4553 laicis
529 4497 585 4553 aut
607 4487 744 4554 clericis.
789 4487 912 4551 Omnes
934 4489 1016 4551 ritus
1045 4486 1239 4554 christianos
1260 4489 1296 4555 in
1317 4508 1369 4552 eo·

84 4594 179 4660 clesia
201 4602 316 4659 sancta
339 4603 520 4677 consuetos,
544 4595 600 4680 qui
621 4593 687 4678 legi
711 4593 841 4658 divinae
865 4612 930 4656 non
946 4591 1170 4676 adversantur,
1192 4604 1228 4658 ut
1243 4590 1372 4657 honesti

83 4719 256 4778 servemus,
280 4698 363 4764 sicut
384 4706 605 4765 antecessores
628 4699 730 4762 nostri
759 4698 794 4763 in
824 4696 886 4761 hac
908 4696 990 4762 urbe
1013 4704 1300 4779 conservaverunt,
1322 4714 1376 4760 urs
