2946 5086
1202 275 1205 280 ³
1291 188 1336 258 83

66 348 148 431 acuit,
170 354 208 412 ut
229 346 326 412 homo
347 366 450 413 verax
472 366 546 411 eum
568 346 649 414 aliis.
706 347 773 414 Sed
794 352 913 437 nescio,
937 375 1001 436 qua
1032 354 1074 422 de
1106 377 1204 424 causa
1229 381 1330 449 quos·

66 475 114 519 am
136 452 292 517 articulos
315 450 492 540 deprimis
515 453 582 517 suis
604 451 699 518 dietis
733 454 908 540 omiserint,
931 460 1016 526 etin
1039 461 1159 549 scripto
1182 485 1239 530 suo
1266 488 1333 533 non

69 558 232 641 otaverint,
255 555 401 643 aliosque
422 556 680 643 immutaverint3
703 556 875 646 prudentia
895 584 974 628 vero
996 562 1113 650 dictat,
1134 567 1208 633 illos
1233 568 1334 638 fuisse

67 661 158 729 udore
180 669 283 727 tactos
307 669 339 726 et
353 661 477 744 timore,
498 670 534 727 ut
566 663 683 747 omnia,
706 684 789 750 quae
810 673 887 730 tunc
907 668 1118 754 protulerunt,
1148 672 1219 759 regi
1252 676 1334 741 seri·
1380 738 1383 745 ,

69 789 117 832 ere
143 765 312 832 deberent
341 764 489 831 Fuerunt
512 766 597 831 enim
620 766 801 835 vetularum
824 791 932 857 nugae
965 773 1207 863 improbabiles,
1229 801 1334 869 aeque
1384 806 1392 827 ι

66 871 151 936 lcut
140 894 177 936 111
198 870 249 935 his
272 867 384 934 literis.

122 974 246 1041 Verum
268 973 375 1039 adhuc
387 973 498 1062 aliqua
508 974 549 1041 ab
563 975 628 1040 illis
651 975 738 1042 diota
758 914 886 1061 addam,
909 975 950 1044 de
972 980 1089 1067 quibus
1110 986 1256 1072 captivos
1268 988 1334 1055 cul

66 1080 187 1145 aver-int
214 1086 246 1144 et
268 1064 344 1144 sunt
358 1081 550 1167 sequentia3
573 1100 690 1168 nempe
712 1080 864 1148 dixerunt
885 1082 958 1149 illos
979 1085 1119 1152 dixisse.
1148 1111 1191 1155 au
1220 1091 1335 1160 dentur

65 1185 162 1268 meti3
185 1183 248 1249 hoc
271 1183 358 1270 quod
379 1184 535 1267 nesciant,
559 1185 655 1249 etiam
678 1185 765 1272 quod
786 1208 921 1253 necesse
952 1192 1083 1256 nonsit
1118 1199 1314 1263 sanctosin

65 1310 153 1354 ocare
175 1296 208 1353 et
229 1286 386 1353 auxilium
408 1286 449 1353 ah
470 1287 537 1355 illis
557 1296 678 1376 petere,
700 1312 807 1377 neque
838 1290 912 1357 illos
933 1291 1100 1379 honorare,
1124 1319 1197 1363 eum
1220 1299 1330 1368 Chris·

65 1415 89 1457 rs
124 1414 185 1480 per
221 1393 407 1480 passionem
440 1414 530 1457 suam
562 1414 622 1480 pro
657 1394 752 1460 nobis
785 1395 934 1463 omnibus
967 1399 1158 1467 satisfecerit
1190 1413 1223 1470 et
1244 1407 1331 1474 vitae

65 1519 181 1564 sorum
203 1497 277 1580 sint,
311 1497 394 1562 sicut
381 1495 551 1563 taliorum
573 1508 698 1565 canum.
743 1497 944 1587 Spreverunt
965 1502 1116 1570 etiame
1079 1528 1093 1593 J
1098 1505 1215 1593 ejunia,
1239 1532 1331 1577 revo-

65 1610 146 1668 autes
181 1621 217 1666 se
238 1599 280 1667 ad
303 1601 488 1689 passionem
520 1602 640 1669 Ohristi
629 1626 661 1687 1,
694 1625 754 1693 per
787 1625 884 1691 quam
918 1605 1072 1673 dixerunt
1102 1609 1204 1678 fuisse
1236 1614 1329 1680 satis·

65 1715 172 1773 sctum.

96 1811 223 1896 Item3
256 1812 373 1894 missa,
397 1809 484 1900 quod
506 1812 674 1899 necesaria
695 1833 762 1878 non
785 1813 826 1878 sit
860 1821 893 1879 et
924 1814 958 1879 iu
991 1813 1049 1881 illa
1079 1838 1146 1884 non
1178 1820 1330 1889 efferatum

65 1916 204 2000 hristus,
229 1937 302 1980 cum
319 1918 392 2004 jam
414 1915 515 1982 semel
536 1914 663 1982 oblatus
684 1913 789 1982 luerit.
894 1942 897 1949 ’

116 2020 219 2106 Item,
255 2018 343 2108 quod
363 2022 398 2084 in
419 2027 620 2086 sacramento
642 2018 752 2086 altaris
774 2019 866 2086 Deus
888 2042 1042 2108 praesens
1064 2046 1131 2091 ιιοιι
1166 2027 1220 2097 sit.
1262 2075 1266 2082 -

118 2125 223 2246 Item,
248 2125 381 2214 quidam
404 2123 590 2190 sacerdotes
613 2120 713 2190 dese
736 2124 1020 2211 concionabantur,
1052 2129 1139 2216 quod
1165 2134 1329 2202 matrimo-

64 2231 194 2318 lojungi
209 2231 343 2317 possint,
366 2229 505 2316 ideoque
527 2230 623 2296 etiam
645 2228 777 2316 quidam
799 2229 983 2296 sacerdotes
1004 2253 1124 2300 uxores
1140 2234 1204 2303 sibi
1219 2259 1326 2328 sump-

64 2346 156 2420 runt,
183 2337 235 2402 cui
257 2337 379 2423 captivi
400 2335 435 2401 hi
456 2357 522 2401 non
542 2336 739 2404 restiterunt
781 2335 825 2402 Ilt
855 2336 1004 2425 quamvis
1031 2337 1126 2427 plura
1147 2340 1235 2408 dicta
1261 2343 1328 2410 fue·

64 2451 112 2521 nt,
136 2442 180 2506 de
201 2441 252 2507 his
275 2463 355 2507 vero
376 2440 560 2529 praecipuis
582 2432 731 2506 sufficiat.

120 2546 200 2612 Post
232 2545 403 2613 articulum
436 2543 585 2611 ultimum
616 2544 678 2611 fuit
699 2544 817 2611 lectum
839 2544 1058 2627 testimonium
1087 2546 1175 2614 Galli
1198 2547 1325 2619 Ozahar

64 2652 216 2719 rusistorii
248 2649 519 2716 administratoris
549 2651 583 2714 in
605 2649 692 2716 hune
715 2672 865 2716 sensum:
897 2672 1035 2740 nempe,
1071 2651 1159 2741 quod
1181 2675 1255 2720 eum
1276 2654 1324 2722 lu·

64 2757 140 2823 lbrio
165 2754 389 2822 sacerdotibus
424 2752 575 2820 fidelibus
609 2756 765 2843 scriptum
798 2753 895 2821 fuerit
931 2756 992 2823 sub
1026 2757 1194 2825 consulatu
1227 2759 1325 2828 Joau·

65 2860 217 2950 sZiaby,
239 2883 281 2925 ne
303 2860 338 2925 in
360 2857 494 2925 cucullis
517 2858 690 2944 eelebrent,
726 2859 942 2927 Pickharticis
970 2870 1078 2929 autem
1101 2863 1324 2932 sacerdotibus

63 2964 208 3032 {dacibus
229 2963 311 3030 illud
331 2964 529 3029 insinuatum
550 2985 617 3030 non
648 2963 745 3029 fuit·
776 2964 917 3031 Martino
946 2965 1108 3034 sacerdoti
1135 2969 1191 3036 hie
1222 2970 1324 3037 multa
1367 3043 1372 3055 J

63 3070 111 3137 lsa
132 3070 386 3156 adscripserunt,
420 3068 609 3155 praesertim
633 3067 721 3156 quod
742 3068 851 3136 multis
872 3070 908 3135 in
929 3069 991 3136 hac
1020 3075 1248 3140 communitate
1269 3096 1325 3142 no·

63 3198 99 3241 m
121 3173 317 3252 laicaliter,
340 3177 437 3261 quam
458 3172 508 3238 illi
528 3171 775 3256 attestabantur,
797 3195 935 3262 nempe,
957 3174 1044 3263 quod
1072 3172 1231 3243 Martinus
1264 3178 1321 3245 ille

63 3302 104 3345 rm
125 3278 201 3346 ahie
223 3276 443 3343 sacerdotibus
465 3276 533 3341 suis
565 3284 801 3362 sacramentum
834 3278 978 3365 corporis
1010 3286 1043 3345 et
1075 3281 1241 3366 sanguinis
1286 3283 1322 3348 iu

62 3386 148 3451 issae
171 3381 329 3449 sacrificio
352 3404 449 3469 super
471 3380 639 3446 humerum
661 3380 871 3465 elevaverint,
904 3389 937 3447 et
957 3380 1021 3447 alia
1054 3382 1148 3470 plura
1183 3384 1258 3450 ficta
1291 3395 1324 3453 et

64 3488 112 3556 lea
135 3486 317 3555 edixerunt.
360 3483 508 3552 Tandem
529 3484 764 3552 attestabantur
785 3486 891 3569 etiam,
916 3486 1002 3573 quod
1023 3486 1167 3554 Joaunes
1188 3489 1322 3558 Hlavvsa

62 3616 103 3659 rm
134 3589 386 3658 adhaerentibus
427 3591 494 3656 suis
534 3589 737 3658 mandaverit
768 3588 1010 3676 sacerdotibus,
1046 3592 1089 3658 ne
1127 3614 1247 3682 corpus
1291 3604 1324 3663 et

62 3699 223 3786 nguinem
255 3696 389 3762 Domini
420 3696 456 3760 in
488 3695 699 3762 concionibus
729 3697 796 3762 suis
827 3697 964 3762 nimium
985 3711 1190 3784 venerentur,
1213 3720 1320 3787 neque

63 3811 225 3892 tuperent.
268 3801 314 3867 Et
334 3800 398 3867 alia
419 3801 470 3867 his
493 3800 620 3867 similia

109 3909 213 3994 Item3
251 3907 341 3974 aliud
373 3909 594 3974 testimonium
626 3906 795 3996 cujusdam
817 3906 993 3974 sacerdotis
1021 3906 1192 3974 Adalberti
1224 3931 1318 3999 paro·

62 4015 81 4079 ιι
113 4013 297 4102 Teynensis
329 4023 441 4079 contra
476 4015 711 4079 incarceratum
743 4013 933 4098 magistrum
965 4011 1173 4100 Brykczium·
1198 4014 1319 4081 editum

62 4118 228 4207 it,qu0d
261 4119 358 4184 etiam
389 4119 566 4186 inhibuerit
597 4116 857 4184 sacerdotibus
847 4142 882 4185 ιιι
910 4118 1064 4208 parochia
1096 4118 1129 4186 S.
1162 4118 1319 4208 Stephani

62 4226 179 4313 sj0ris,
215 4244 258 4289 ne
279 4226 416 4291 nimium
449 4223 606 4291 extollant
636 4245 752 4311 corpus
776 4222 907 4308 Christi,
929 4244 1036 4341 neque
1057 4224 1250 4312 vituperent,
1286 4234 1319 4293 et

62 4328 242 4396 eulterius
303 4340 306 4349 '

108 4434 212 4520 Item,
247 4435 336 4501 aliud
358 4435 465 4503 adhuc
485 4433 704 4501 testimouium
734 4433 844 4499 datum
866 4440 979 4499 eontra
998 4431 1198 4520 Brykenium
1223 4456 1245 4499 a
1265 4454 1315 4500 sa-
1353 4500 1358 4509 ,

61 4539 156 4608 rdote
186 4486 392 4629 Hieronymo
426 4538 568 4628 parocho
592 4537 635 4603 ad
657 4537 691 4605 S.
723 4535 907 4620 Oastulum,
943 4536 999 4624 qui
1032 4535 1138 4605 eidem
1169 4538 1316 4619 formata,

61 4647 76 4714 l
105 4646 219 4713 literas
239 4645 473 4714 testimoniales
495 4642 692 4712 asservanda
713 4641 866 4725 tradidit,
888 4639 966 4705 dum
987 4643 1126 4709 autem
1115 4644 1181 4731 rpsi
1202 4641 1315 4711 eadem

61 4754 226 4877 stitueret,
256 4749 356 4850 dixit·
388 4751 608 4820 dementiam
612 4770 764 4839 magnam
802 4766 892 4831 esse,
924 4745 1011 4835 quod
1043 4746 1227 4817 sacerdotes
1254 4770 1315 4839 pro

1071 4855 1112 4925 ps
