2946 5086
1202 119 1207 130 ’
1292 157 1360 231 ss·

74 341 237 419 mdiderit,
267 347 299 405 et
321 341 392 407 sine
414 338 497 405 scitu
511 344 642 407 senatus
664 335 766 402 multa
788 336 901 423 egerit,
939 342 972 400 et
993 333 1059 400 alia
1079 333 1173 423 plura
1194 333 1335 420 locutus,

74 447 240 535 deulpom
262 466 354 509 suam
375 440 598 520 amovendam,
630 449 726 529 atque
747 449 813 508 tam
835 439 891 506 ille
913 437 1046 521 Schord,
1082 460 1179 528 quam
1201 439 1288 506 alii'
1278 462 1333 505 ιιι

74 551 230 634 ιιοιιιιιί,
252 570 325 615 eum
346 547 514 614 Passelr
504 570 539 613 m
561 545 730 637 mendacio
762 543 1022 633 deprehendisse
1053 543 1140 611 clare
1172 562 1337 611 assevera-

74 664 133 738 ant,
156 676 198 720 ac
221 653 306 736 sicut
327 674 440 749 omnes
460 649 603 733 insimul,
624 651 671 715 ita
693 648 827 737 quilibet
850 670 964 715 eorum
994 649 1219 736 singulariter
1231 634 1266 718 id
1287 651 1338 719 fe·
1363 737 1365 741 ,

74 768 169 842 erunt,
211 769 244 823 et
267 757 392 845 justam
424 773 516 822 susm
550 753 649 820 fidem
681 753 812 841 publice
833 753 972 842 professi
1004 752 1143 821 fuerunt
1187 755 1338 825 Tandem

74 865 189 945 omnia,
213 883 297 948 quae
317 861 536 947 pragensibus
550 858 601 929 ad
621 857 774 927 articulos
788 857 1040 947 responderunt,
1070 860 1188 926 iterum
1209 883 1230 926 a
1250 862 1339 949 prin·
1351 882 1354 890 ·

74 971 121 1058 ipe
141 968 283 1056 repetita
303 964 442 1035 fuerunt.
485 965 564 1031 Post
585 964 667 1032 haec
699 966 745 1030 ita
766 965 865 1031 locuti
887 973 981 1031 sunt·
1015 963 1244 1031 serenissime
1251 967 1338 1053 prin·

74 1074 144 1163 epsi
159 1091 373 1160 quaecunque
394 1069 581 1157 scripsimus
602 1071 656 1139 rel
677 1069 777 1139 locuti
798 1093 917 1155 sumus,
940 1054 1076 1136 dicimus
1098 1069 1180 1139 haec
1201 1070 1247 1136 ita
1260 1092 1339 1137 vera
1458 1115 1461 1122 ,

74 1201 135 1263 sse,
156 1177 206 1244 illi
228 1197 306 1243 vero
328 1175 363 1241 in
384 1177 580 1243 contrarium
602 1174 723 1260 dicunt,
756 1177 893 1255 remita
913 1197 979 1242 non
1002 1197 1094 1261 esse;
1117 1175 1226 1241 inde
1205 1198 1282 1264 Jam
1306 1185 1338 1243 et

74 1281 146 1349 obis
167 1281 263 1348 datm
284 1281 379 1365 actio,
402 1289 435 1346 et
456 1279 579 1346 attinet
592 1282 855 1350 communitatem
874 1281 1000 1347 numeri
1022 1282 1165 1369 majoris,
1198 1280 1338 1369 ideoque

74 1386 151 1452 dsd
172 1388 329 1474 majorem
350 1406 520 1451 numerum
543 1384 669 1453 deferre
691 1384 857 1470 debemus,
891 1408 968 1452 nam
989 1385 1044 1453 bic
1064 1385 1139 1452 illos
1160 1388 1339 1470 concernit,

74 1491 175 1558 dcirco
211 1514 284 1565 cras
317 1489 389 1559 Deo
424 1488 523 1556 dante
560 1511 658 1579 super
688 1489 748 1557 hos
785 1513 950 1559 sermones
984 1484 1117 1573 illorum·
1149 1512 1344 1581 responsum

74 1595 212 1664 labimus.
560 1664 564 1673 ,
618 1583 621 1589 ’

137 1701 204 1766 Die
225 1699 378 1767 mercurii
399 1696 518 1764 deinde
524 1697 730 1784 Pragenses
756 1720 949 1787 responsum
977 1697 1141 1766 “dederunt
1160 1700 1195 1765 in
1217 1707 1341 1767 contra·

74 1804 142 1872 rium
161 1828 222 1894 per
243 1794 447 1892 magistrum
458 1802 616 1891 Passek,
635 1793 683 1873 ad
717 1797 1004 1870 contradictionem
1038 1804 1195 1871 sermonis
1222 1804 1340 1894 prioris
1469 1816 1471 1821 ’

74 1931 152 1996 quam
173 1910 365 1975 incarcerati
383 1907 608 1997 -;protulerunt
638 1907 666 1973 si
687 1929 765 1974 vero
788 1909 897 1974 omnia
918 1908 1005 1998 dicta
1026 1908 1155 1976 illorum
1176 1907 1218 1975 de
1238 1907 1340 1976 verbo

74 2011 258 2081 adverbum
281 2012 380 2079 scribi
402 2011 569 2096 deberent,
603 2019 692 2091 certe
706 2011 823 2100 ampla
845 2020 877 2078 et
898 1991 1045 2080 taediosa
1065 2037 1118 2081 res
1143 2013 1185 2098 ad
1206 2001 1345 2082 audien·
1397 2094 1399 2098 Α

74 2111 135 2183 dum
165 2127 198 2184 st
229 2115 404 2205 legendum
427 2121 523 2182 esset
562 2114 654 2196 Quae
676 2124 784 2187 autem
817 2114 905 2183 dicta
937 2125 970 2182 et
990 2117 1118 2206 prolata
1140 2118 1278 2202 fuerint,
1297 2141 1349 2189 ex

74 2240 213 2310 responso
236 2245 257 2288 a
279 2222 416 2310 captiuis
437 2219 643 2314 infrascripto
666 2220 821 2288 altera
789 2243 863 2287 vrce
890 2220 976 2306 dato,
997 2230 1073 2311 post
1096 2223 1348 2290 notificationem

76 2313 168 2393 illisa
186 2329 336 2416 principe
358 2327 458 2393 etiam
492 2324 596 2391 altera
627 2325 701 2392 vice
734 2325 854 2410 datam,
887 2326 987 2415 hujus
1008 2347 1140 2393 sensum
1174 2351 1217 2395 ex
1250 2329 1348 2395 dictis
1388 2344 1390 2351 '

74 2432 200 2517 magistri
223 2430 352 2505 Passek
385 2429 505 2518 optime
541 2428 716 2516 intelliges,
753 2430 841 2517 quod
873 2452 1069 2519 responsum
1090 2453 1208 2521 nempe
1236 2455 1349 2499 omnes

77 2532 190 2603 insimul
213 2535 383 2605 dedemmt.
425 2537 562 2604 Mutatio
599 2539 686 2605 enim
719 2538 850 2605 addicta
870 2561 892 2604 a
911 2536 1044 2605 Passek
1068 2537 1129 2670 fuit
1149 2563 1171 2607 a
1188 2541 1348 2630 principio

78 2633 115 2704 hir
135 2640 261 2708 verbis.

146 2745 361 2821 Serenissime
381 2746 534 2836 princeps
557 2754 591 2813 et
611 2746 735 2813 domini
749 2746 920 2835 ablegati!
947 2770 1061 2837 parum
1082 2725 1138 2815 alit
1158 2749 1240 2831 nihil
1261 2708 1350 2818 aliud
1377 2767 1379 2770 ’

79 2866 136 2930 pars
156 2850 238 2916 haec
260 2849 354 2916 nobis
390 2852 551 2917 contmria
572 2859 688 2917 contra
708 2872 768 2918 nos
790 2852 942 2943 loquitur,
977 2855 1042 2920 nisi
1064 2852 1150 2943 quod
1166 2855 1238 2943 jam
1259 2855 1349 2945 prius
1450 2896 1456 2903 -

81 2949 162 3021 locuti
182 2956 322 3040 fuerunt,
356 2965 387 3022 et
408 2947 528 3022 nostris
549 2953 701 3024 fidelibus
728 2965 760 3022 et
781 2958 917 3024 sinceris
938 2956 1230 3043 informationibus,
1268 2978 1370 3048 quas*

79 3055 155 3126 timul
177 3068 211 3127 et
232 3059 354 3146 singuli
375 3061 589 3148 porreximus,
611 3082 677 3128 non
698 3062 868 3145 resistunt,
885 3071 917 3128 et
939 3065 1089 3151 ,quamvis
1111 3063 1243 3147 vellent,
1261 3066 1352 3153 juste
1407 3149 1409 3154 ,

77 3172 231 3251 nequeunt
275 3163 484 3263 Quapropter
505 3165 547 3231 ad
569 3166 652 3238 haec
673 3166 818 3233 breviter
828 3165 1080 3254 respondemus3
1104 3167 1191 3255 quod
1202 3167 1351 3254 lubentes
1409 3240 1411 3246 ,

75 3267 239 3353 audiamus,
275 3268 352 3334 dum
386 3292 461 3358 pars
484 3269 623 3337 adversa
643 3292 710 3336 non
733 3268 935 3347 contradicit,
971 3269 1059 3357 quod
1079 3270 1193 3337 fideles
1216 3280 1248 3337 et
1279 3271 1352 3346 dili·
1387 3264 1389 3268 '
1450 3263 1452 3268 ’

74 3381 175 3452 gentes
197 3396 308 3439 sumus
329 3375 365 3440 in
385 3373 598 3462 procurandis
628 3372 862 3451 ‘communibus
885 3372 988 3458 bonis,
1023 3382 1056 3439 et
1077 3375 1105 3439 si
1126 3375 1351 3444 contradicere

74 3476 192 3562 vellent,
224 3479 315 3567 juste
346 3501 413 3545 non
428 3488 587 3571 possunt,
621 3503 699 3569 nam
719 3478 801 3546 illud
833 3480 986 3563 universo
1018 3478 1121 3564 regno
1155 3489 1267 3546 notum
1290 3489 1352 3549 est.

74 3573 127 3647 Sed
148 3583 226 3648 dum
249 3581 370 3661 dicunt,
393 3583 480 3672 quod
501 3585 536 3650 in
557 3583 624 3650 fine
646 3584 761 3672 omnia.
777 3582 1043 3667 destruxerimus,
1065 3584 1255 3673 etsperinde
1276 3585 1351 3652 lau·

74 3681 136 3753 iem'
156 3708 223 3753 non
244 3709 444 3772 mereamurJ
468 3686 510 3752 ad
532 3687 614 3753 haec
636 3680 786 3773 dicimus,
809 3709 991 3754 sermonem
1013 3687 1112 3755 talem
1127 3683 1361 3756 essevacuumv

74 3797 99 3854 et
116 3790 248 3875 nudum,
285 3813 325 3856 ac
345 3792 477 3856 inanem
509 3791 683 3859 verborum
715 3793 931 3880 negationem,
967 3785 1152 3881 quia‘haec'
1169 3790 1353 3861 nullatenus

74 3895 212 3980 probant,
243 3917 306 3961 nec
327 3892 466 3984 probare
487 3891 655 3985 poterunt3
692 3919 768 3964 nam
798 3897 893 3985 quale
916 3897 1116 3986 quarundam
1144 3920 1353 3988 personarum
1394 3954 1396 3960 .

74 3995 185 4071 dehoc
206 4000 314 4066 medio
337 4001 530 4090 principium
551 4003 605 4086 sit,
627 4002 723 4068 facile
744 4003 942 4090 agnoscitur,
972 4002 1051 4069 dum
1074 4025 1135 4069 nos
1158 4005 1203 4088 vi,
1224 4027 1284 4094 per
1303 4005 1353 4070 in·

74 4102 164 4171 sidiss
197 4114 230 4170 et
245 4106 248 4125 ¹
262 4105 382 4194 injuste
404 4107 551 4194 aggressi
573 4106 713 4191 fuerunt,
747 4107 836 4172 etin
870 4129 966 4196 quem
996 4107 1099 4173 finem
1132 4107 1213 4174 illud
1246 4090 1354 4197 agant,

75 4205 158 4292 Deus
191 4208 290 4275 etiam
310 4210 419 4298 paulo
450 4221 524 4300 post
539 4210 785 4295 manifestabitJ
815 4220 903 4276 certe
925 4214 1068 4300 ¹propter
1096 4211 1194 4278 fidem
1226 4235 1353 4283 sacram

74 4311 274 4380 christianam
294 4304 461 4386 illudnon
485 4316 530 4399 fit,
554 4314 612 4382 sed
635 4312 793 4408 quaedam
814 4314 880 4380 alia
900 4337 961 4405 per
975 4316 1064 4402 ,haec
1085 4315 1245 4397 celantur,
1269 4340 1352 4408 quae

74 4411 148 4487 intra
169 4418 273 4488 breve
296 4428 424 4508 tempus
446 4420 481 4485 in
504 4419 611 4486 lucem
632 4418 816 4507 prodibunt

147 4524 251 4612 Item3
275 4524 628 4614 quodclerumattinet,
650 4524 693 4590 ad
707 4523 866 4611 haecjam
889 4543 988 4610 supra
1007 4522 1243 4613 respondimus,
1266 4528 1354 4616 quod

74 4625 152 4699 illum
175 4631 211 4701 in
233 4627 349 4695 urbem
371 4646 437 4697 non
457 4628 692 4708 induxerimus,
715 4636 748 4695 et
769 4628 856 4716 quod
867 4625 927 4697 sub
941 4626 1079 4716 primate
1093 4632 1249 4719 magistro
1269 4632 1353 4700 Pa's-

74 4734 124 4805 sek
139 4733 268 4825 aliquot
288 4733 382 4806 annis
393 4735 488 4801 citius
500 4733 680 4820 adfuerint,
693 4733 865 4827 fueruntne
886 4731 936 4803 illi
948 4733 1059 4803 clerici
1073 4746 1173 4808 causa
1185 4737 1354 4830 cujusdam
