2946 5086
154 166 215 231 15²

150 340 220 423 regi
242 336 384 401 dixistis.
406 331 492 419 quod
514 332 580 395 Sua
601 330 756 417 llajestas
777 332 873 397 nobis
894 330 936 395 ad
959 332 1043 397 liaeo
1062 332 1209 418 obligata
1232 336 1288 397 sit.
1310 354 1340 397 et
1364 332 1440 398 haee

149 464 202 506 res
223 440 267 505 ad
289 462 362 505 eum
385 435 531 525 qiectet‘?
554 435 638 500 Cum
660 458 739 521 ergo
761 436 842 501 haec
871 458 925 501 res
948 440 989 502 sit
1010 440 1110 526 regis.
1133 451 1213 503 tnnc
1233 448 1350 503 nostra
1369 460 1436 503 esse

150 569 215 611 nou
236 564 351 633 potest
381 541 449 608 Cur
469 540 684 605 desolatione
711 541 841 607 solliciti
852 542 941 621 estis.
963 564 1037 609 cmn
1058 542 1099 609 ad
1122 566 1183 608 nos
1204 564 1274 607 uon
1297 541 1435 631 spectet?

151 654 304 715 Atmmen
327 652 397 713 siue
418 647 650 711 allaboratioue
672 666 783 711 nostra
819 646 935 712 solutio
968 648 1049 715 haec
1080 672 1148 717 nou
1177 647 1332 731 dabitur,
1365 648 1432 715 hine

151 756 327 821 erundum
349 772 409 833 est,
431 751 528 817 undo.
550 772 583 815 et
606 750 787 837 exquibus
809 750 926 816 mediis
948 774 967 817 a
989 752 1056 819 Sua
1077 753 1254 841 llajestate
1276 756 1338 821 ltoc
1359 753 1430 819 solvi

149 860 290 927 debeat?
313 860 467 945 Princeps
479 856 616 921 Carolus
637 878 716 920 uero
738 856 932 921 confirmans
954 857 1055 923 dixit:
1088 860 1148 925 ,ld
1170 861 1271 927 facile
1292 862 1363 927 fieri
1381 882 1430 947 po·

151 984 228 1031 test:
250 963 506 1053 quaedamenitu
525 982 649 1025 summa
670 960 712 1025 de
733 959 861 1025 tributis
883 982 1079 1049 congregata
1100 982 1151 1029 est
1172 965 1260 1049 ideo,
1282 976 1320 1031 ut
1339 965 1428 1031 inde·

150 1072 218 1137 bita
231 1092 264 1135 et
285 1072 495 1135 necessitates
516 1069 624 1151 regias
645 1064 881 1154 impendatur·
903 1065 992 1131 Dum
1016 1090 1093 1153 ergo
1108 1069 1238 1155 legatus
1253 1069 1430 1149 audivisset,

150 1177 237 1264 quod
257 1198 367 1262 arege
388 1175 468 1239 ltaec
484 1171 725 1249 solvendasiut,
747 1171 831 1235 dixit
845 1170 911 1235 eis:
937 1172 1172 1255 ,Executorias
1183 1174 1282 1239 tobis
1303 1196 1430 1262 pracpa-

151 1282 240 1347 rabo.
262 1298 317 1345 ant
338 1280 527 1367 praeparari
555 1276 727 1357 mandabo,
760 1300 867 1364 neque
888 1300 949 1343 vos
970 1277 1091 1341 dinu'us
1114 1276 1262 1343 detinere
1283 1279 1427 1363 intendo;

148 1388 279 1451 unicum
299 1404 493 1463 moneo.·ut,
516 1381 704 1470 quodjuris
725 1402 757 1446 et
779 1388 878 1448 moris
912 1402 972 1463 est,
1003 1384 1109 1469 agatis
1140 1394 1173 1447 et
1193 1386 1428 1451 revocationem

148 1490 335 1555 absolvatis.
356 1510 474 1575 nempe
496 1485 660 1573 quaelibet
679 1508 819 1573 persouu
848 1489 1039 1552 nominatim
1069 1488 1301 1573 singulariter,
1331 1490 1431 1577 impri-

148 1598 211 1660 mis
232 1616 310 1659 rero
332 1616 402 1675 ros,
431 1592 555 1657 domiui
575 1592 722 1677 magistri
755 1603 789 1657 et
820 1592 949 1657 clerici.
984 1593 1040 1680 qui
1071 1592 1132 1656 sub
1165 1609 1309 1679 utraque
1330 1593 1429 1681 specie

148 1700 411 1775 communicatis,
446 1720 505 1761 tos
526 1698 612 1761 euim
634 1694 715 1761 haec
736 1718 789 1761 res
812 1698 988 1777 concernit,
1022 1696 1078 1783 qui
1098 1698 1172 1783 jam
1193 1720 1283 1762 nuuc
1306 1720 1382 1763 tere
1402 1706 1428 1760 et

150 1804 285 1868 tirmiter
306 1801 473 1867 intenditis
494 1799 651 1865 accedere
672 1802 706 1865 in
734 1798 954 1865 obedientiam
984 1820 1115 1865 sanctae
1136 1801 1307 1867 Romanae
1339 1800 1431 1868 eccle·

150 1912 220 1974 siae
241 1928 274 1973 et
295 1907 383 1973 sedis
404 1905 611 1994 apostolicae.
633 1904 820 1992 Fstqueltic
841 1904 921 1969 ordo
943 1906 977 1969 in
1000 1904 1139 1969 ecclesia
1162 1926 1287 1989 sancta,
1311 1918 1346 1973 et
1364 1928 1431 1973 cou-

151 2013 286 2079 suetudo
306 2012 348 2077 ab
361 2011 482 2095 aliquot
503 2012 648 2074 centenis
669 2012 773 2073 aunis.
790 2009 877 2094 quod
899 2009 956 2075 illi.
979 2012 1036 2094 qui
1056 2012 1092 2074 in
1113 2010 1279 2098 quoddam
1302 2012 1430 2077 schisma

147 2119 340 2185 inciderunt.
362 2117 592 2203 posuitentiam
603 2136 702 2199 agere
724 2114 914 2191 debuerint;
929 2116 1052 2201 pariter
1072 2128 1104 2178 et
1116 2114 1194 2197 l'os,
1219 2118 1324 2203 quiin
1333 2114 1429 2181 inobe-

149 2224 271 2289 dientia
292 2222 535 2311 perseverastis,
557 2222 675 2284 omnia.
696 2220 814 2307 quibus
835 2220 1002 2305 hucusque
1022 2218 1118 2283 malis
1138 2220 1347 2303 adhaesistis,
1367 2242 1429 2285 cou-

149 2348 292 2393 temnero
315 2326 451 2392 debetis.
479 2344 510 2389 et
531 2324 596 2389 illis
618 2326 846 2388 renunciantes
867 2325 1040 2388 ecclesiam
1062 2338 1210 2389 sanctam
1231 2325 1383 2412 profiteri,
1402 2332 1427 2388 et

148 2436 183 2499 in
204 2434 310 2498 tuturo
332 2450 488 2519 perpetua
508 2450 653 2516 tempora
673 2428 717 2493 ud
738 2428 817 2493 haec
843 2429 928 2493 maia
940 2448 971 2492 et
988 2452 1114 2495 errores
1135 2452 1304 2518 nunquam
1326 2429 1426 2509 redire,

148 2560 252 2626 nequ-s
274 2540 375 2602 vestri
399 2560 610 2603 successores.
639 2536 667 2600 F
667 2540 749 2601 aceri
764 2538 849 2601 euim
871 2536 1007 2619 debetis,
1028 2537 1243 2625 quodomnes
1257 2548 1425 2605 autecesso·
1464 2528 1467 2533 ¹

148 2668 201 2709 res
223 2646 334 2709 vestri.
367 2646 479 2729 quiin
501 2642 559 2707 tali
584 2642 803 2707 inobedientia
832 2652 1098 2728 perseverarunt,
1128 2644 1287 2713 haeretici
1307 2645 1425 2727 sueriut5
1466 2655 1467 2661 ’

149 2772 209 2814 sos
229 2772 309 2813 vero
331 2750 483 2813 virtutem
506 2768 638 2813 sanctae
660 2748 873 2813 obedieutiae.
895 2750 967 2811 siue
987 2770 1053 2833 qua
1076 2748 1195 2814 salvari
1218 2772 1286 2815 nou
1298 2749 1425 2839 potestis,

149 2854 338 2939 agnovistis.
361 2872 393 2915 et
414 2853 626 2939 profitemini.
660 2852 747 2939 quod
769 2855 803 2917 in
825 2852 882 2917 illa
903 2876 1112 2939 perseverare
1134 2854 1263 2937 relitis;
1297 2854 1339 2920 ad
1358 2854 1425 2919 liaeo

148 2980 208 3022 vos
229 2957 362 3045 adjuvet
373 2957 465 3021 Dens
480 2956 586 3021 Pater.
609 2957 637 3020 F
638 2958 713 3021 ilius
728 2978 761 3022 et
772 2956 912 3044 Spiritus
927 2960 1075 3039 Sanctae,
1098 2960 1192 3045 virgo
1202 2958 1318 3043 Marta,
1341 2956 1426 3024 saucii

148 3062 264 3125 Petrus
284 3084 315 3125 et
336 3060 466 3125 Paulus.
489 3082 519 3125 et
536 3084 648 3126 omues
670 3062 810 3127 coelites.
857 3062 964 3128 Credo
987 3087 1073 3128 nunc
1095 3066 1204 3145 etiam,
1227 3064 1317 3151 quod
1329 3044 1427 3129 laetior

148 3164 262 3231 redibo
283 3165 328 3229 ud
337 3165 466 3229 Patrem
482 3167 729 3230 sanctissimum.
752 3165 831 3230 dum
853 3168 963 3231 omnia
984 3166 1071 3254 apud
1093 3190 1152 3232 uos
1169 3170 1241 3256 jam
1262 3168 1299 3232 in
1319 3166 1426 3256 perieo

148 3272 223 3336 tiori
245 3285 329 3335 statu
350 3272 589 3335 inveniuntur:
613 3270 667 3335 Ad
683 3270 763 3335 haee
785 3270 920 3351 Pas-sels,
942 3272 1127 3338 Korambus
1149 3282 1182 3338 et
1202 3272 1428 3339 administrm

149 3376 263 3442 Gallus
285 3376 446 3441 dixerunt.
470 3398 503 3439 se
527 3375 606 3441 haec
621 3400 719 3463 egere
734 3398 799 3441 non
813 3399 927 3464 posse:
949 3386 1039 3442 tanta
1053 3378 1140 3442 enim
1154 3379 1190 3442 in
1200 3376 1362 3443 mandatis
1374 3398 1428 3443 uon

148 3480 277 3545 habere.
311 3503 346 3545 se
377 3480 475 3545 etium
496 3502 548 3545 res
571 3480 651 3546 tales
674 3504 739 3546 uon
767 3480 976 3567 praevidisse.
1009 3482 1130 3547 Verum
1160 3481 1294 3548 siliaco
1323 3480 1428 3547 diutius

148 3584 271 3651 differri
292 3604 434 3673 possent,
458 3606 493 3649 se
516 3585 601 3650 telle
623 3586 798 3651 sollicitari.
820 3606 855 3651 ut
876 3586 919 3651 ad
940 3586 997 3651 illa
1011 3586 1125 3652 accedi
1144 3590 1260 3675 possit,
1281 3590 1429 3657 diceutes:

149 3690 390 3769 ,Certistrmus
409 3688 495 3777 quod
517 3690 602 3755 intra
623 3692 764 3778 quinque
780 3714 883 3757 anuos
904 3692 985 3757 haec
1007 3690 1102 3757 tirello
1124 3694 1337 3763 efficeremus.
1358 3696 1428 3762 t'm

148 3798 232 3861 intra
253 3814 379 3883 tempus
402 3796 556 3881 exiguum
577 3794 756 3881 profectum
778 3798 938 3861 sensimus
963 3798 998 3861 in
1020 3798 1251 3863 communitate
1273 3798 1428 3888 Progeusi,

148 3900 234 3989 quod
255 3900 393 3989 populus
408 3900 572 3965 Romanae
588 3900 658 3965 sedi
672 3900 826 3987 proclivis
840 3902 945 3967 tactus
968 3900 1073 3981 fuerit,
1095 3910 1128 3966 et
1147 3902 1184 3966 iu
1204 3902 1353 3971 fat-orem
1366 3926 1427 3971 oum

145 4006 301 4073 Romanis
315 4004 500 4093 perductus.
524 4028 562 4073 ac
583 4006 648 4071 illis
670 4008 808 4071 unitus?
831 4005 1011 4095 Respondit
1031 4005 1176 4092 legatus:
1200 4008 1322 4095 ,Agite
1343 4013 1429 4099 igitur

147 4112 182 4175 in
202 4112 333 4177 nomine
353 4111 497 4177 Domini.
532 4122 563 4175 et
592 4126 763 4197 postquam
785 4111 828 4175 ad
850 4110 1114 4175 satisfaciendum
1141 4112 1320 4197 praedictis
1341 4114 1426 4181 rebus

148 4216 251 4301 parati
271 4216 407 4291 fiteritis,
430 4218 621 4283 scitote.1ne
637 4216 777 4279 amicum
789 4215 1002 4281 mecrobilem
1024 4214 1085 4280 hac
1106 4216 1142 4281 iu
1162 4226 1257 4305 parte
1271 4218 1427 4309 esseaputl

146 4318 276 4385 Patrem
297 4322 568 4387 sanctissimum*
590 4320 728 4385 Bohenti
749 4322 857 4407 imque
878 4320 961 4385 nihil
976 4322 1105 4387 efficere
1125 4330 1312 4409 potueruut,
1333 4328 1425 4415 legato

147 4422 316 4509 indignati.
344 4426 432 4513 quod
460 4426 534 4493 illos
564 4424 604 4489 tle
636 4448 699 4491 uno
723 4444 865 4513 ternpore
894 4427 928 4491 iu
950 4426 1087 4492 alterum
1108 4424 1234 4493 ducens
1257 4430 1423 4499 detinuerit.

147 4528 283 4595 Reverti
304 4532 403 4619 igitttr
423 4552 498 4597 sunt
519 4533 551 4595 in
575 4530 765 4597 Bohemiam
787 4532 899 4597 vacuis
921 4530 1070 4597 manibus
1092 4540 1125 4597 et
1140 4553 1178 4597 re
1200 4534 1333 4603 infecta.
