2946 5086
314 1376 317 1384 ’
444 1380 649 1515 LIBER
683 1383 1052 1533 SECUNDUS.

100 1776 104 1787 .
132 1721 171 1788 In
194 1744 256 1810 quo
279 1723 460 1790 continetur
481 1725 617 1793 materia
638 1726 680 1793 de
701 1725 886 1814 afflictione,
915 1729 1047 1798 miseria
1079 1738 1112 1798 et
1129 1734 1346 1825 persecutione
1410 1722 1417 1817 1}

165 1916 168 1921 .
236 1824 402 1894 hominurn
423 1850 444 1895 a
464 1828 682 1918 Pragensibue
704 1830 796 1900 laicis
819 1843 852 1900 et
872 1831 1000 1903 clericis
1021 1838 1246 1931 proveniente.

182 2226 269 2294 Dum
292 2229 400 2319 itaque
421 2229 483 2298 boc
504 2232 710 2320 iniquitatum
730 2256 822 2300 mare
842 2241 994 2301 aestuans
1016 2232 1199 2322 aequaliter
1233 2237 1304 2302 sine
1321 2235 1365 2300 in·
1414 2318 1416 2325 Α

98 2331 300 2400 termissione
321 2334 560 2421 intumesceret,
583 2345 615 2403 et
636 2346 763 2426 tempus
784 2338 939 2406 festorum
960 2338 1180 2406 natalitiorum
1191 2341 1280 2407 circa
1289 2339 1371 2406 finem

97 2438 175 2503 anni
198 2437 284 2506 1524
304 2442 588 2530 appropinquaret,
621 2441 758 2510 daemon
779 2465 846 2511 nou
868 2443 1125 2529 contentabatur,
1149 2445 1238 2535 quod
1248 2446 1372 2534 Progen-

100 2563 153 2609 ses
175 2543 251 2610 laici
272 2543 448 2612 directores
461 2555 517 2614 aut
532 2549 713 2636 superiores
735 2549 897 2615 infernum
910 2546 974 2616 sibi
984 2551 1260 2638 praeparaverint,
1268 2550 1373 2619 uiolen-

97 2657 147 2716 ter
168 2656 201 2714 et
221 2650 341 2739 injuste
363 2649 510 2718 homines
545 2653 734 2719 innocentes
770 2653 974 2741 affligend03
997 2654 1176 2720 concitavit
1210 2655 1269 2722 ille
1291 2657 1373 2721 etiam

97 2752 148 2819 bis
184 2755 218 2819 in
240 2753 397 2820 auxilium
431 2757 613 2845 superiores
647 2756 896 2842 ecclesiasticos,
932 2779 1052 2847 nempe
1085 2757 1218 2826 Gallum
1241 2759 1373 2827 Onobara

61 2884 64 2889 ·
96 2856 392 2928 administratorem
427 2861 626 2949 Pragensem
647 2861 833 2929 inferiorem
856 2885 930 2929 cum
953 2862 1099 2951 ejusdem
1123 2862 1222 2948 clero,
1245 2873 1281 2930 ut
1301 2862 1375 2953 quod

96 2962 172 3028 laici
192 2964 408 3051 neglexerunt
440 2966 475 3032 in
497 2965 673 3033 afflictione
695 2964 863 3055 corporali,
885 2966 967 3032 illud
996 2967 1102 3032 clerus
1138 2977 1326 3056 compenset
1347 2969 1376 3034 in

98 3067 226 3134 animae
247 3070 378 3138 miseria
401 3078 434 3136 et
454 3069 631 3136 afflictione
654 3069 824 3159 spirituali,
846 3079 883 3137 ut
902 3072 1104 3138 incessanter
1140 3092 1281 3159 regnum
1313 3074 1373 3161 ejus

95 3185 244 3264 augeant,
280 3175 473 3266 decipiendo
495 3175 641 3242 homines
677 3175 794 3242 multos
817 3177 883 3242 suis
904 3175 1083 3259 fraudibus,
1107 3184 1140 3242 et
1167 3175 1282 3245 ultimo
1302 3177 1376 3259 illos,

96 3285 124 3350 si
145 3283 235 3350 Deus
256 3282 369 3351 fideles
405 3300 480 3348 suos
502 3303 712 3369 praeservare
743 3302 809 3347 non
845 3280 1043 3368 dignaretur,
1080 3278 1123 3345 ad
1158 3270 1308 3350 aeternos
1337 3282 1376 3348 in·

95 3388 179 3455 ferni
201 3388 361 3454 cruciatus
382 3384 557 3476 pertrahat.
599 3385 783 3475 Antequam
811 3407 889 3452 uero
919 3384 1001 3451 baec
1036 3406 1300 3466 commemorem,
1319 3384 1376 3475 pla·

95 3493 162 3559 cuit
193 3493 288 3559 citius
306 3492 408 3559 'dtas
442 3491 574 3558 modum
610 3500 645 3567 et,
672 3500 820 3556 naturam
851 3489 1006 3572 rectoris,
1054 3489 1232 3577 superioris
1270 3510 1377 3580 nempe

94 3586 363 3664 administratoris
396 3595 484 3663 (ialli
516 3594 608 3662 titulo
642 3592 855 3661 ecclesiastici
888 3592 1033 3660 breviter
1066 3615 1269 3682 proponere3
1302 3596 1375 3661 siout

94 3703 181 3768 enim
202 3723 223 3766 a
243 3700 329 3766 bono
361 3708 486 3766 rectore
508 3698 603 3783 bona,
625 3699 671 3767 ita
692 3720 712 3763 a
732 3719 884 3787 perverso
920 3696 1007 3763 mala
1037 3697 1184 3785 procedit
1219 3698 1375 3775 instructio

98 3816 132 3874 et
149 3807 306 3892 regimen,
333 3804 426 3893 cujus
447 3825 566 3871 nomen
588 3812 658 3869 erat
679 3801 792 3870 Gallus
815 3800 972 3869 Onabera.

179 3911 245 3977 Hic
265 3909 397 3975 Zatecio
420 3907 585 3991 oriundus,
607 3928 628 3972 a
648 3906 845 3995 pauperibus
867 3907 1056 3995 progenitus
1091 3907 1292 3994 parentibus,
1313 3914 1370 3998 pat

93 4039 163 4083 rem
185 4015 310 4083 babens
333 4012 506 4094 lanionum,
529 4011 625 4078 bomo
647 4033 713 4077 non
734 4032 872 4097 magnae
895 4020 1052 4095 staturae,
1077 4012 1135 4078 sed
1157 4010 1372 4080 homiui‘sans

93 4123 217 4188 ratione
239 4117 386 4209 praedito
406 4115 585 4200 dissimilis,
607 4117 641 4181 in
663 4137 727 4204 qua
760 4124 868 4181 tamen
905 4118 1024 4203 exigua
1055 4115 1210 4205 pharetra
1248 4117 1372 4185 daemon

95 4225 244 4313 copiosas
282 4246 356 4290 suas
390 4221 523 4309 sagittas
547 4221 737 4310 composuit
780 4219 846 4286 Hic
866 4219 909 4286 ad
931 4221 1095 4308 Pragense
1117 4221 1261 4290 studium
1291 4221 1372 4289 deve·

93 4331 152 4413 nit,
174 4329 209 4395 in
231 4351 292 4416 quo
315 4350 443 4416 semper
464 4325 560 4392 altius
581 4323 858 4414 progrediebatur,
881 4325 986 4392 donec
999 4325 1276 4410 admagisterium
1295 4347 1371 4403 ereo

93 4443 144 4500 tus
177 4431 298 4500 fuisset
355 4431 501 4498 Tandem
531 4430 682 4497 sacerdos
714 4428 829 4513 factus,
851 4429 1049 4497 Litomerioii
1078 4432 1268 4519 parochiam
1290 4432 1372 4519 adep·

93 4546 145 4605 tus
183 4535 251 4602 fuit.
295 4535 421 4603 Ibidem
444 4538 533 4604 cives
555 4537 590 4602 in
613 4535 836 4602 contentiones
873 4545 905 4601 ct
926 4536 1001 4602 odia
1023 4545 1134 4602 contra
1156 4538 1300 4605 invicem
1327 4557 1369 4623 ap·

94 4652 209 4731 paratu
245 4638 405 4708 diabolico
428 4643 611 4727 concitavit,
652 4641 695 4707 ad
718 4638 804 4728 quod
825 4648 941 4707 natura
972 4639 1118 4730 ejusdem
1150 4641 1366 4721 inclinabatur,

84 4756 123 4814 ut
152 4742 337 4815 discordias
371 4744 459 4813 inter
490 4744 606 4812 babes
638 4743 884 4830 ffiseemiuaret,
915 4766 958 4812 ex
990 4765 1054 4833 qua
1091 4743 1214 4814 deinde
1257 4745 1372 4817 civitate
