2946 5086
1329 117 1390 187 151
1464 144 1467 149 ·

92 292 185 359 illum
220 289 373 358 omnibus
405 289 599 359 necessariis
632 288 861 378 providerunt,
899 288 956 355 sed
988 289 1177 389 6661116161
1206 294 1284 359 satis
1305 295 1391 382 peri·

95 398 208 466 611666
230 394 339 464 modo.
979 397 983 405 '

638 584 784 651 CAPUT
806 586 858 653 20.

92 721 128 779 In
151 738 214 795 qno
238 714 447 775 describuntur
469 712 602 772 actiones
624 712 768 773 honestae
789 711 889 772 fratris
903 712 1036 773 Mathiae
1057 712 1088 771 in
1110 716 1281 777 carceribus
1304 738 1388 777 exer·

93 807 182 881 citae,
215 804 393 880 qualemque
415 800 649 860 consolationem
672 800 857 878 spiritualem
881 801 1024 859 habuerit.
1070 798 1165 861 Simul
1186 804 1292 864 literae
1314 806 1389 882 ejus-

221 892 299 964 dem,
321 907 395 968 quas
417 888 450 947 11
472 888 641 949 carceribus
664 888 782 949 cuidam
805 888 891 947 fratri
912 887 1075 948 Laurentio
1097 890 1268 967 scripserat.

179 1040 309 1108 Clarius
330 1047 442 1105 notum
465 1037 517 1121 sit,
552 1037 637 1125 quod
659 1037 716 1104 ille
738 1040 833 1106 homo
857 1061 980 1127 pauper
1003 1040 1137 1105 eremita
1158 1039 1316 1108 mundum
1338 1040 1393 1108 de·

94 1169 219 1231 serens,
241 1145 354 1234 pietati
376 1152 409 1209 et
431 1142 595 1207 sanctitati
615 1142 703 1208 vitae
719 1143 904 1228 inhaeserit,
928 1144 1002 1209 odio
1016 1144 1141 1211 habens
1154 1168 1266 1211 omnes
1281 1146 1394 1213 mnndi

96 1252 194 1340 hujus
216 1250 387 1334 vanitates,
424 1254 552 1312 secutus
574 1244 753 1312 Dominum
774 1257 926 1339 nostrum-
941 1248 1053 1313 Jesum
1077 1248 1242 1315 Christum
1265 1260 1297 1317 et
1320 1252 1390 1338 ejus

96 1357 195 1441 viam,
219 1356 275 1442 qui
298 1374 409 1419 omnes
432 1355 557 1436 invitat,
579 1351 671 1417 utin
694 1351 752 1418 illa
773 1352 960 1440 procedant,
989 1351 1118 1447 dicens:
1150 1356 1204 1442 qui
1227 1376 1279 1420 me
1302 1357 1395 1444 sequi

94 1461 175 1544 vult,
197 1458 342 1545 abneget
364 1460 584 1547 semetipsum,
617 1455 710 1523 tollat
731 1480 821 1523 suam
855 1479 986 1523 crucem
1016 1467 1049 1522 61
1071 1468 1224 1547 sequatur
1245 1483 1314 1545 me3
1348 1462 1395 1526 ita

95 1565 148 1631 ille
171 1586 232 1652 pro
255 1563 382 1629 deliciis
405 1562 493 1629 aliud
515 1585 581 1628 non
603 1582 795 1648 agnoscens,
822 1563 885 1627 nisi
909 1561 1135 1629 meditationes
1157 1565 1239 1652 pias,
1261 1544 1396 1654 cupiens

95 1668 298 1735 Salvatorem
322 1690 414 1733 suum
447 1669 548 1754 sequi,
578 1689 597 1731 a
626 1667 773 1752 vestigiis
797 1668 868 1755 ejus
903 1690 968 1733 non
991 1668 1146 1734 recedere
1167 1679 1300 1735 conatus
1322 1670 1392 1754 fuit,

95 1773 208 1839 literas
219 1773 328 1838 varias
342 1772 377 1836 in
388 1771 440 1837 his
452 1768 637 1837 carceribus
651 1771 766 1836 amicis
790 1772 856 1835 suis
880 1771 1017 1860 scripsit,
1043 1774 1127 1838 sicut
1148 1774 1246 1838 etiam
1268 1772 1397 1840 cuidam

94 1876 183 1942 fratri
195 1874 383 1960 Laurentio,
407 1876 491 1965 quod
509 1875 594 1941 infra
607 1873 719 1941 videre
743 1884 800 1941 est.
822 1874 861 1940 In
884 1877 972 1964 quali
995 1878 1081 1942 enim
1104 1878 1263 1964 spirituali
1286 1900 1397 1944 conso-

94 1981 216 2047 latione
238 1980 294 2048 1116
314 1964 516 2064 versabatur,
548 1980 648 2045 talem
670 1978 819 2046 omnibus
842 1982 985 2068 experiri
1007 1979 1156 2069 optabat3
1177 1981 1316 2069 ideoque
1339 2004 1398 2072 pro

94 2088 205 2153 futura
225 2086 382 2152 memoria
403 2084 491 2151 illius
513 2083 600 2150 vitae
622 2084 787 2166 honestae,
821 2107 906 2172 quae
937 2087 972 2151 in
1001 2084 1159 2152 Bohemia
1189 2095 1221 2151 et
1250 2087 1397 2154 Moravia

94 2204 173 2262 nota
196 2202 262 2274 661,
283 2191 431 2281 judicavi
450 2191 577 2278 justum
601 2198 633 2253 et
655 2211 793 2277 aequum
825 2212 906 2274 esse,
931 2199 966 2255 nt
987 2190 1097 2256 literas
1121 2192 1235 2257 saltem
1258 2192 1317 2257 has
1340 2190 1395 2257 hic

95 2319 281 2390 apponam:
304 2294 449 2361 Salutem
478 2293 690 2377 amicabilem,
721 2294 919 2360 desiderium
953 2297 1057 2361 omnis
1080 2295 1159 2361 boni
1181 2295 1340 2381 salutaris,
1364 2305 1397 2362 et

97 2405 239 2493 gratiam
260 2404 295 2466 in
312 2399 442 2467 Christo
455 2398 477 2464 J
478 2420 535 2463 esu
547 2398 690 2465 Domino
703 2411 812 2464 nostro
825 2398 927 2465 Vobis
941 2400 1098 2486 significo,
1121 2400 1221 2466 frater
1231 2400 1397 2487 Laurenti,

95 2532 162 2576 una
184 2530 258 2573 cum
280 2504 429 2571 omnibus
452 2506 525 2572 61116
547 2506 700 2573 fratribus
721 2508 756 2572 11
777 2507 850 2572 Deo
873 2507 1080 2575 charissimis.
1125 2508 1288 2592 Intellexi,
1312 2508 1400 2598 quod

96 2612 260 2681 desiderio
283 2632 401 2697 magno
425 2611 541 2677 ductus
563 2612 663 2677 fueris
686 2636 738 2691 me
760 2612 924 2679 invisendi
946 2623 1002 2678 aut
1022 2602 1166 2697 videndi,
1190 2622 1318 2678 etcum
1341 2613 1398 2679 illo

97 2718 159 2785 frui
181 2739 248 2782 non
271 2715 426 2804 potueris,
457 2708 623 2803 petivisti,
646 2725 682 2783 ut
704 2717 860 2805 scriptum
883 2716 1047 2806 quoddam
1069 2740 1090 2783 a
1112 2740 1164 2783 me
1188 2717 1336 2811 obtineas
1367 2726 1399 2783 et

99 2822 187 2912 quod
217 2821 310 2886 multi
332 2843 352 2885 a
373 2842 426 2884 me
455 2819 601 2885 obtinere
634 2842 698 2885 non
731 2831 919 2909 potuerunt,
952 2844 1014 2887 nec
1048 2821 1179 2912 quidem
1202 2821 1299 2887 amici
1322 2821 1396 2907 mei,

102 2929 136 2995 id
159 2926 221 2992 tibi
242 2924 379 2991 feliciori
402 2923 538 3006 accidit,
562 2922 745 3011 etquidem
771 2926 885 3014 scripsi
916 2928 951 2990 in
974 2950 1091 3014 magno
1114 2935 1202 2993 metu
1225 2936 1256 2993 et
1276 2948 1398 3015 pavore

104 3030 306 3098 constitutus.
351 3027 471 3111 Crede,
500 3027 586 3114 quod
608 3029 738 3094 favente
767 3031 840 3096 Deo
874 3020 1092 3119 omnipotente
1122 3056 1219 3099 sanus
1243 3036 1400 3117 existam,

103 3138 190 3204 bene
213 3137 310 3200 etiam
331 3133 404 3199 Deo
426 3132 605 3198 auxiliante
627 3134 706 3199 mihi
742 3134 845 3219 cedat,
880 3137 1027 3222 quamvis
1063 3158 1179 3224 corpus
1215 3147 1270 3203 aut
1302 3138 1399 3203 homo

99 3250 256 3308 externus
279 3240 313 3305 in
336 3237 529 3327 quibusdam
551 3237 783 3325 afflictionibus
805 3240 998 3305 constitutus
1021 3242 1079 3323 sit,
1115 3240 1245 3328 spiritus
1267 3263 1345 3307 1616
1369 3250 1402 3307 61

103 3350 254 3412 internus
275 3343 372 3408 homo
394 3344 429 3407 in
451 3354 571 3430 magna
592 3342 804 3430 amplitudine
837 3343 919 3430 legis
947 3342 1078 3410 divinae
1109 3353 1141 3409 61
1162 3344 1291 3433 palatiis
1313 3348 1401 3433 regis

103 3461 136 3518 et
157 3451 293 3515 Domini
322 3449 465 3514 omnium
498 3450 533 3514 in
566 3447 716 3515 libertate
748 3447 842 3513 donis
877 3457 908 3513 et
937 3448 1049 3535 gratiis
1084 3450 1207 3514 versari
1231 3461 1263 3514 et
1285 3449 1399 3516 laetari

102 3564 213 3645 potest
234 3555 269 3617 in
290 3553 428 3619 veritate
451 3552 593 3619 evidenti
617 3564 649 3619 et
677 3554 861 3620 testimonio
883 3554 1018 3619 Domini
1040 3553 1143 3620 nostri
1164 3555 1245 3620 Jesu
1267 3554 1400 3639 Christi,

103 3660 145 3727 ob
170 3680 253 3748 quae
275 3657 310 3721 in
334 3657 386 3722 his
408 3655 592 3723 carceribus
614 3658 762 3724 detineor
783 3668 816 3724 et
835 3656 895 3723 has
911 3657 1105 3724 afflictiones
1129 3659 1273 3746 corporis
1295 3660 1402 3745 patior

105 3790 126 3833 a
148 3772 308 3853 potestate
329 3761 530 3827 Antichristi.
574 3762 666 3827 Haec
687 3785 765 3829 vero
786 3764 893 3829 omnia
926 3762 1041 3829 lubens
1064 3765 1098 3829 in
1121 3786 1239 3850 magna
1261 3765 1397 3850 gratitu-

105 3872 182 3937 dine
204 3890 278 3933 cum
299 3866 420 3932 anxilio
435 3866 500 3932 Dei
523 3877 634 3933 sancto
657 3870 808 3951 sustineo,
831 3891 885 3933 me
910 3870 1017 3956 ipsum
1039 3891 1104 3935 161
1127 3892 1261 3954 curans;
1284 3889 1399 3957 pecca·
1443 3927 1445 3930 a

104 3987 155 4042 tor
176 3974 263 4040 enim
287 3994 357 4037 sum
380 3971 534 4058 indignus
557 3980 590 4037 61
609 3981 760 4059 respectu
782 3975 926 4060 eorp'oris
956 3973 1074 4062 pulvis,
1109 3975 1190 4039 61116
1214 3984 1245 4039 61
1266 3972 1398 4056 vermis,

102 4081 194 4146 Deus
215 4100 295 4144 1616
318 4077 409 4142 fortis
432 4085 464 4142 et
485 4098 550 4141 rex·
572 4064 693 4164 ¹potens
727 4089 760 4142 et
791 4080 975 4145 misericors
1008 4087 1058 4144 est
1086 4077 1239 4145 fortitudo
1272 4100 1346 4143 mea
1368 4087 1401 4144 et

104 4207 178 4273 spes
202 4181 419 4265 securissima,
442 4181 605 4246 Dominus
627 4189 738 4246 noster
759 4182 856 4248 Jesus
872 4182 1020 4249 Christus
1044 4192 1092 4249 est
1113 4192 1277 4272 protector
1298 4205 1400 4265 meus,

103 4290 189 4356 salus
213 4296 247 4353 et
267 4286 448 4375 redemptio
469 4307 561 4370 mea;
586 4308 682 4374 quem
704 4286 804 4372 igitur
825 4297 857 4352 et
881 4288 959 4375 quid
970 4288 1059 4354 aliud
1080 4288 1260 4353 timendum
1282 4287 1398 4373 habeo,

103 4398 137 4461 in
158 4394 252 4461 illum
275 4391 413 4474 confido,
436 4390 491 4456 hic
511 4398 624 4477 portae
646 4390 742 4457 inferi
753 4414 818 4456 161
834 4394 1078 4480 praevalebunt,
1103 4394 1156 4458 hic
1178 4390 1400 4460 Antichristus

103 4523 191 4566 cum·
214 4508 282 4564 toto
304 4495 424 4563 mundo
466 4506 498 4565 61
520 4498 669 4563 omnibus
692 4496 903 4562 daemonibus
926 4499 1005 4564 mihi
1027 4520 1146 4565 nocere
1167 4520 1233 4563 non
1254 4509 1401 4588 possunt,

107 4614 138 4670 et
160 4604 233 4669 sine
255 4602 422 4667 voluntate
444 4602 671 4690 omnipotentis
700 4602 766 4666 Dei
787 4622 848 4666 nec
871 4602 1007 4690 capillus
1030 4602 1072 4668 de
1094 4603 1200 4690 capite
1222 4626 1294 4670 meo
1307 4604 1400 4671 dece·

108 4710 171 4778 (161.
215 4707 277 4773 Ille
298 4706 379 4772 mihi
401 4707 510 4773 omnia
532 4706 756 4794 compensabit
779 4706 914 4790 damna,
943 4706 998 4774 ille
1028 4709 1094 4775 ait:
1129 4709 1306 4776 netimeas
1329 4710 1400 4794 hos,
