2946 5086
83 171 148 239 270

84 341 168 407 malo
192 347 224 405 et
244 336 398 420 indebito,
430 337 477 400 ita
505 335 588 400 sicut
619 333 709 420 prius
742 331 784 396 dc
816 330 882 397 illis
910 330 1124 397 abestabatur
1156 352 1235 396 cum
1258 352 1377 416 magna

84 446 261 525 honestate,
284 442 318 507 in
339 462 491 527 magnam
513 438 687 505 multorum
709 435 958 502 admirationem
981 434 1085 525 (quod
1106 445 1198 503 certe
1220 437 1381 502 admiran-

86 549 162 615 dum
183 547 253 632 fuit,
285 545 371 634 quod
392 544 488 631 lupus
509 543 602 609 ferox
624 543 660 607 in
682 563 803 628 agnum
824 548 1028 607 mansuetum
1049 542 1244 608 immutatus
1267 542 1383 630 fuerit).

85 638 178 721 Finis
199 654 309 739 itaque
332 648 462 716 dissidii
483 669 556 713 esse
577 646 670 729 solet,
692 645 770 712 dum
793 648 867 732 quis
890 669 925 713 se
946 648 1053 736 ipsum
1076 646 1119 713 de
1142 648 1319 715 mendacio
1340 672 1383 714 ar·

87 759 178 845 guit3
212 775 422 846 quaecunque
457 752 542 816 enim
575 749 616 817 de
638 749 689 815 his
712 759 744 815 et
765 748 838 816 aliis
861 750 1095 818 contumeliosa
1117 763 1151 818 et
1173 755 1385 840 ignominiosa

88 869 243 951 quantum
265 860 337 926 fieri
359 858 473 947 potuit,
510 855 712 943 seripserunt
744 863 777 921 et
798 854 899 921 locuti
922 865 1007 939 sunt,
1030 878 1119 923 nunc
1142 880 1181 924 ea
1213 861 1324 925 omnia
1343 861 1384 948 ip·

90 966 184 1032 simet
206 970 400 1031 revocarunt
430 969 462 1027 et
497 967 761 1047 contempserunt
790 960 824 1024 in
857 982 1007 1046 magnam
1040 960 1296 1031 admirationem
1331 965 1382 1032 do-

89 1071 170 1136 mini
191 1070 291 1156 regis,
313 1067 391 1132 dum
413 1064 520 1131 eidem
553 1062 634 1129 hacc
667 1064 852 1152 conscripta
883 1087 904 1130 a
925 1065 1145 1152 Pragensibus
1166 1068 1247 1135 data
1275 1079 1308 1135 et
1335 1093 1384 1136 ex·

92 1173 197 1241 hibita
217 1173 356 1239 fuerunt.
402 1168 559 1250 Quarnvis
588 1175 696 1232 tamen
719 1189 755 1232 se
777 1171 1015 1251 excusaverint,
1049 1169 1209 1254 dicentes,
1242 1173 1330 1258 quod
1350 1175 1384 1239 de

93 1276 145 1342 his
167 1296 331 1364 nunquam
354 1271 474 1338 similia
496 1293 555 1359 per
569 1291 705 1355 regnum
728 1269 928 1357 scripserint,
951 1273 1010 1337 sed
1031 1273 1137 1340 solum
1159 1274 1203 1341 de
1225 1276 1293 1342 illis
1316 1300 1384 1344 exu-

91 1378 188 1464 libus,
221 1378 331 1468 quiin
360 1375 425 1441 fide
455 1396 491 1439 se
519 1396 539 1439 a
571 1373 706 1462 reliquis
740 1385 932 1462 separarunt
965 1386 997 1442 et
1029 1400 1065 1443 se
1096 1389 1333 1447 converterunt
1351 1381 1386 1447 ad

91 1482 283 1551 Piclrhartas
319 1479 507 1562 haereticos,
541 1499 659 1564 nempe
689 1479 773 1543 inter
807 1478 922 1544 fratres
959 1481 1222 1551 boleslavienses
1244 1495 1280 1552 et
1313 1486 1386 1552 alios

93 1598 153 1657 etc.
197 1587 306 1654 Scitur
335 1594 452 1667 tamen,
483 1580 570 1672 quod
602 1580 651 1647 illi
685 1603 796 1647 omnes
831 1583 944 1649 exules
982 1585 1171 1655 indistincte
1207 1589 1271 1656 sub
1307 1589 1387 1656 salvo

93 1692 256 1762 conductu
277 1690 368 1776 regio
390 1687 461 1753 sine
483 1685 677 1773 exceptione
700 1685 928 1773 comprehensi
949 1687 1081 1754 fuerint.

179 1793 328 1862 Tandem
350 1793 448 1859 etiam
469 1789 659 1857 indistincte
689 1790 759 1855 sine
793 1792 881 1857 omni
904 1794 1097 1880 exceptione
1130 1795 1166 1859 in
1189 1799 1285 1863 curia
1307 1800 1388 1865 cives

93 1903 277 1989 Pragenses
300 1898 334 1964 in
357 1895 587 1962 communitate
609 1902 642 1960 et
663 1892 743 1958 alibi
776 1903 888 1983 aperte
920 1896 962 1961 de
984 1897 1136 1964 omnibus
1166 1901 1262 1987 prius
1286 1901 1389 1988 loque·

94 2007 223 2089 bantur,
246 2003 414 2069 diceutes:
459 1998 555 2082 Quod
578 1997 626 2064 illi
661 1997 775 2064 exules
810 2009 885 2065 sunt
915 2023 988 2067 cum
1011 2025 1069 2069 suo
1105 2004 1198 2071 salvo
1233 2007 1390 2073 conducta

94 2108 277 2199 imperfecti
298 2116 369 2189 etc,
391 2103 474 2170 nihil
495 2102 584 2170 aliud
605 2102 825 2189 intelligentes
856 2104 1001 2192 perinde,
1031 2107 1096 2174 nisi
1118 2111 1306 2178 occisiones
1327 2112 1391 2178 illas

95 2238 156 2305 per
176 2234 313 2301 regnum
336 2209 544 2299 perscriptas,
580 2214 677 2296 prout
706 2208 778 2295 jam
815 2207 856 2275 de
886 2208 937 2275 his
969 2211 1004 2275 in
1036 2213 1100 2279 hoc
1132 2213 1220 2281 libro
1260 2238 1333 2306 cap.
1357 2218 1390 2282 11

96 2318 193 2386 latius
215 2315 337 2382 dictum
358 2312 428 2381 fuit
471 2312 526 2379 Ad
548 2311 640 2395 haec,
669 2313 816 2400 quamvis
839 2312 954 2381 exules
985 2328 1083 2383 antea
1104 2325 1138 2383 et
1158 2320 1217 2386 illo
1239 2330 1392 2410 tempore,

97 2423 174 2490 dum
195 2420 278 2488 haec
299 2420 514 2507 scripsissent,
545 2418 672 2503 Pragae
701 2416 822 2483 fuerint
844 2426 876 2484 et
897 2418 995 2486 etiam
1028 2421 1150 2489 deinde
1172 2449 1234 2513 per
1268 2426 1393 2514 longum

96 2538 225 2617 tempus
247 2523 495 2614 permanserint,
533 2520 642 2588 nullus
671 2528 780 2587 tamen
815 2521 890 2589 illos
912 2522 975 2590 hac
996 2525 1031 2591 in
1067 2548 1106 2593 re
1126 2532 1249 2617 arguit,
1287 2530 1393 2599 foedos

97 2655 208 2719 tamen
245 2637 357 2696 contra
386 2627 461 2694 illos
484 2625 673 2693 conclusum
708 2627 745 2691 in
780 2623 883 2691 libros
915 2629 1058 2695 civitatis
1089 2634 1195 2699 inseri
1219 2637 1393 2722 jusserunt

96 2740 242 2829 Ideoque
274 2757 336 2824 ego
367 2734 462 2803 illum
494 2757 553 2823 pro
583 2733 824 2800 archi-doctore
858 2734 1075 2821 aestimarem,
1110 2736 1177 2826 qui'
1200 2741 1288 2806 mihi
1318 2740 1393 2806 hanc

98 2866 210 2912 eorum
233 2840 478 2909 excusationem
501 2838 588 2906 clare
611 2847 644 2904 et
664 2837 951 2906 fundamentaliter
981 2841 1054 2907 siue
1074 2841 1142 2909 ullo
1165 2843 1286 2911 relicto
1309 2843 1393 2911 obice

98 2949 262 3018 deducere
283 2945 393 3013 vellet.

183 3053 314 3120 Interea
336 3050 413 3116 dum
435 3071 495 3115 rex
517 3070 592 3114 cum
613 3047 729 3134 regina
763 3049 939 3136 praeterito
977 3058 1123 3138 tempore
1155 3052 1392 3121 Purificationis

99 3160 134 3227 in
155 3180 264 3226 arcem
285 3158 485 3243 Pragensem
507 3153 703 3232 advenisset,
741 3152 784 3218 ad
814 3155 1004 3241 petitionem
1026 3156 1246 3242 Pragensium
1279 3161 1392 3225 uuius-

100 3287 163 3353 que
185 3263 327 3332 civitatis
350 3261 393 3328 ad
416 3262 524 3326 curias
547 3280 659 3324 eorum
681 3257 852 3325 descendit
873 3259 927 3326 die
943 3260 1105 3345 sabbathi,
1129 3271 1228 3329 sexta
1251 3263 1307 3330 die
1327 3272 1394 3353 post

99 3369 217 3436 festrun
243 3368 354 3435 Sancti
375 3363 552 3441 Valentini,
583 3371 616 3428 et
637 3371 785 3429 senatum
803 3363 932 3432 eisdem
954 3367 1134 3451 renovavit,
1159 3368 1310 3435 secunda
1328 3371 1394 3435 vioe

100 3483 174 3561 post
194 3472 388 3540 divisionem
409 3469 538 3536 unionis
561 3466 700 3533 illorum.
743 3467 783 3533 In
814 3491 879 3556 qua
899 3472 1112 3536 renovatione
1133 3470 1395 3561 Neo-Pragensir

102 3585 232 3644 senatus
253 3575 407 3643 Nicolaus
429 3572 562 3640 Schorff
594 3593 667 3637 cum
690 3570 763 3636 aliis
798 3572 948 3639 exulibus
979 3583 1012 3640 et
1044 3574 1241 3642 concivibus
1275 3579 1393 3644 suiset

101 3679 218 3747 incolis
239 3674 544 3762 Neo-Pragensibus
575 3672 709 3762 protulit
731 3682 763 3739 et
783 3675 961 3742 insinuavit
982 3698 1091 3744 coram
1114 3701 1207 3766 rege,
1243 3703 1280 3747 se
1304 3682 1396 3746 inno·

103 3793 230 3850 centem
252 3791 285 3848 et
304 3781 475 3869 pacificum
497 3801 590 3863 esse;
613 3785 729 3864 petens
751 3799 860 3844 coram
873 3787 940 3845 tota
961 3783 1205 3868 communitate,
1229 3793 1266 3850 ut
1280 3786 1312 3852 si
1334 3784 1398 3872 quis

103 3886 177 3953 illos
199 3887 309 3953 statim
329 3887 365 3950 in
387 3883 543 3952 hocloco
565 3881 608 3948 de
630 3882 771 3969 quodam
786 3882 873 3949 malo
895 3885 1155 3972 arguerevellet,
1179 3888 1272 3977 quod
1295 3889 1397 3958 luben·

104 3998 153 4057 tes
175 3990 309 4057 cuilibet
330 3990 541 4055 satisfacient.

173 4094 411 4162 -Gommunitas
433 4090 694 4178 Neo-Pragensis
723 4091 804 4158 haec
826 4092 972 4173 audiens,
1006 4095 1218 4167 insinuarunt
1240 4122 1356 4169 omues
1377 4108 1404 4166 et

107 4201 277 4265 contestati
308 4207 383 4265 sunt
403 4198 477 4265 illos
514 4219 586 4263 esse
620 4196 822 4274 innocentes,
859 4198 999 4264 dicendo
1037 4222 1074 4266 se
1108 4202 1151 4268 de
1184 4205 1255 4272 illis
1286 4208 1403 4275 nullum

106 4301 224 4367 malum
247 4303 341 4385 scire,
376 4311 408 4367 et
429 4323 495 4367 nou
517 4298 639 4366 habere
676 4320 808 4365 causam
829 4301 904 4367 illos
938 4303 979 4368 de
1001 4303 1144 4388 quadam
1177 4331 1217 4374 re
1240 4310 1403 4400 arguendi.

105 4404 178 4471 Rex
199 4413 369 4494 utramque
391 4414 518 4494 partem
539 4401 686 4484 audiens,
721 4402 816 4486 dixit,
836 4404 934 4491 quod,
969 4430 1042 4472 cum
1063 4408 1140 4476 illos
1163 4435 1264 4481 nemo
1288 4424 1403 4506 arguat,

106 4530 169 4573 nec
189 4530 329 4594 arguere
351 4508 512 4587 intendat,
533 4503 682 4592 nihilque
712 4507 791 4572 mali
820 4506 904 4573 ullus
935 4509 1081 4599 deipsis
1104 4515 1199 4596 sciat,
1234 4523 1337 4588 etiam
1357 4520 1407 4588 ills·

106 4610 197 4694 ipsos
218 4633 356 4696 arguero
377 4635 443 4678 non
464 4610 578 4699 possit,
608 4609 674 4674 imo
697 4633 755 4698 pro
780 4610 874 4677 bonis
898 4621 932 4678 et
954 4615 1018 4700 piis
1041 4619 1207 4710 aestimet,
1244 4639 1281 4697 et
1303 4654 1345 4697 01
1363 4631 1403 4696 in.

108 4717 199 4795 tegre
220 4712 346 4782 liberos
367 4715 518 4783 dimittat.
561 4711 625 4778 His
647 4710 744 4779 dictis
764 4735 825 4780 rex
857 4735 893 4782 se
914 4715 1032 4807 iterum
1064 4721 1110 4789 ad
1132 4746 1248 4800 arcem
1281 4735 1404 4827 mpis
