2946 5086
153 169 196 237 68

147 337 261 405 literas
282 335 527 423 improbabiles,
550 333 679 418 saltum,
702 355 799 420 quem
829 335 1033 422 inceperunt,
1067 335 1248 422 aequaliter
1279 340 1438 409 continua·
1467 312 1470 325 Ι

147 449 233 525 runt,
255 461 359 527 usque
381 438 458 504 dum
481 459 519 503 eo
541 459 594 503 res
629 437 826 520 devenisset,
859 438 946 523 quod
978 446 1054 504 ante
1083 438 1171 504 diem
1194 439 1231 505 S.
1255 439 1436 506 Wenceslai

144 545 224 612 anni
246 543 339 627 1524,
363 541 526 630 quendam
547 540 779 608 Wenceslaum
801 541 1051 608 baccalaureum
1075 542 1116 609 ab
1136 541 1223 608 Albo
1245 543 1360 609 Leone
1380 545 1435 610 Bu·

143 648 220 716 dam
241 648 283 714 ad
304 669 417 734 regem
439 645 656 735 personaliter
678 645 917 732 ablegaverint,
940 657 975 712 ut
990 646 1114 713 ibidem
1134 668 1246 713 coram
1260 670 1342 734 rege
1355 660 1431 734 agat,

143 760 181 818 ut
200 773 320 840 nempe
340 773 401 816 rex
424 751 465 816 ad
487 750 749 815 informationem
784 749 869 814 hanc
903 772 1014 815 eorum
1042 751 1207 838 injustam,
1232 753 1435 839 propositum,

145 855 233 944 quod
249 856 320 943 jam
343 855 400 920 diu
421 855 530 918 animo
554 863 680 940 gerunt,
704 852 882 936 confirmet,
908 862 941 919 et
962 855 1114 920 concives
1138 877 1226 940 suos,
1245 877 1330 941 quos
1351 855 1436 921 Pisk-

143 959 253 1025 bartas
274 957 492 1041 nominarunt,
517 957 631 1023 saltem
655 979 698 1022 ex
721 957 852 1022 civitate
874 980 1027 1023 amovere
1048 967 1193 1046 possent,
1224 980 1293 1024 non
1316 959 1431 1024 haben-

143 1071 323 1130 testamen
345 1062 388 1127 ad
411 1063 591 1150 eosjustas
625 1071 658 1125 et
690 1060 869 1147 condignas
901 1083 1025 1127 causas.
1069 1061 1130 1127 Illo
1165 1064 1264 1128 etiam
1296 1072 1436 1151 tempore

146 1168 298 1254 princeps
323 1164 461 1231 Oarolus
498 1167 697 1253 capitaneus,
722 1174 754 1230 et
789 1164 920 1252 quidam
954 1165 1078 1231 domini
1108 1165 1248 1231 Bohemi
1283 1168 1378 1232 etiem
1400 1190 1431 1232 eo

148 1270 360 1353 advenerunt,
395 1269 583 1357 ibidemque
619 1269 687 1335 fere
719 1292 823 1357 usque
853 1270 895 1335 ad
927 1269 1137 1336 festivitatem
1170 1272 1318 1336 omnium
1349 1271 1436 1337 Sane·

148 1385 254 1442 torum
291 1383 548 1462 permanserunt
591 1374 692 1439 Misso
727 1374 790 1439 hoe
822 1375 936 1440 nuntio
959 1375 1141 1461 Pragenses
1176 1398 1309 1462 semper
1341 1377 1434 1460 magis

149 1503 190 1546 ac
210 1478 316 1566 magis
338 1478 539 1545 voluntatem
562 1500 652 1544 suam
676 1489 903 1563 exercuerunt,
927 1480 1024 1545 etad
1046 1479 1311 1545 informationem
1331 1480 1431 1544 falsam
1453 1506 1461 1563 g

146 1582 197 1650 illi
217 1581 431 1649 baccalaureo
454 1582 565 1660 abeis
588 1584 795 1649 commissam
818 1605 838 1647 a
859 1605 939 1668 rege
967 1583 1111 1649 Domino
1143 1605 1201 1648 suo
1232 1585 1370 1670 petitum
1391 1605 1455 1647 eo·

145 1711 218 1757 rum
240 1686 459 1766 obtinuerunt,
494 1710 567 1754 cum
602 1687 725 1753 auxilio
759 1696 791 1752 et
825 1688 1058 1753 intercessione
1091 1686 1298 1774 quorundam
1320 1709 1428 1752 suorum

146 1794 336 1877 amicorum,
373 1793 516 1857 maxime
550 1801 657 1856 autem
682 1793 828 1879 episcopi
858 1791 1122 1877 Ostregomensis
1146 1790 1334 1857 cancellarii
1354 1791 1427 1855 Hun-

146 1899 266 1985 gariae,
290 1898 356 1985 qui,
379 1897 408 1960 si
430 1896 623 1982 obligationi
645 1917 725 1960 suae
747 1895 851 1960 voluit
873 1895 1072 1979 satisfacere,
1095 1895 1210 1962 debuit
1233 1900 1332 1964 etiam
1352 1896 1425 1964 simul
1466 1942 1470 1947 -

147 2001 312 2069 suffulcire
335 2000 449 2066 sedem
470 1999 634 2087 papalem,
658 2021 700 2063 ne
723 2009 861 2063 corruat.
906 1997 1050 2087 Ideoque
1080 2008 1112 2064 et
1146 2001 1336 2079 effecerunt,
1359 1999 1424 2089 quod
1460 1994 1467 2003 ’

146 2115 225 2173 tuno
246 2104 435 2188 voluerunt;
460 2105 536 2191 quia
558 2103 666 2167 nullus
689 2111 768 2184 erat,
792 2104 849 2190 qui
870 2104 1116 2186 contradiceret,
1131 2114 1164 2168 et
1185 2104 1249 2170 hoc
1271 2105 1354 2188 ideo,
1366 2105 1422 2191 quia
1472 2189 1473 2194 ἵ

147 2218 223 2300 post
244 2208 507 2274 informationem
530 2229 627 2293 saepe
652 2207 782 2289 dietam,
806 2229 825 2270 a
846 2207 1069 2292 Pragensibus
1090 2211 1162 2293 regi
1184 2208 1347 2286 traditam,
1367 2206 1420 2272 talis
1471 2221 1473 2262 l

146 2314 257 2380 fervor
278 2311 366 2401 apud
399 2310 520 2376 dictum
558 2332 668 2396 regem
706 2309 820 2374 aderat
850 2319 962 2376 contra
995 2312 1187 2396 sanguinem
1224 2314 1419 2391 innocentem,

147 2418 235 2506 quod
256 2438 408 2482 accessus
431 2415 565 2481 alterius
588 2416 690 2501 partis
714 2414 755 2480 ob
779 2415 1005 2500 instigationes
1028 2425 1061 2480 et
1081 2418 1310 2482 accusationes
1326 2416 1419 2482 nimias

115 2521 321 2610 ‘impeditus
354 2519 461 2603 fuerit,
497 2528 529 2584 et
562 2518 671 2583 nullus
709 2540 806 2583 ausus
829 2518 937 2596 fuerit,
961 2542 1156 2608 quocunque
1189 2521 1322 2587 demum
1348 2518 1422 2586 modo

146 2612 235 2715 apud
256 2648 369 2710 regem
402 2624 569 2688 dominum
605 2645 697 2687 suum
721 2645 779 2710 pro
811 2633 986 2708 pertesus
1019 2646 1128 2710 agere,
1165 2628 1316 2712 quamvis
1336 2626 1423 2690 literas

147 2731 256 2796 varias
290 2751 333 2792 ex
364 2726 523 2792 Bohemia
560 2725 717 2808 miserint,
740 2725 823 2790 nihil
857 2727 978 2791 tamen'
1000 2727 1158 2812 proficere
1180 2740 1362 2816 potuerunt,
1381 2724 1423 2792 sed

147 2831 316 2923 praeteriti
337 2830 371 2892 in
396 2851 506 2894 eorum
529 2829 650 2893 malum
673 2831 811 2895 fuerunt.

232 2936 321 3000 Dum
350 2943 457 2999 autem
492 2933 726 3000 baccalaureus
749 2936 838 3001 circa
861 2935 947 3000 diem
979 2939 1123 3002 omnium
1147 2938 1342 3008 Sanctorum
1360 2937 1423 3007 redi·

149 3043 261 3124 visset,
284 3049 362 3104 truc
391 3039 604 3102 communitas
639 3039 814 3124 Pragensis
846 3039 899 3105 die
922 3040 1019 3105 lunae
1042 3053 1116 3129 post
1148 3043 1269 3110 festum
1302 3047 1423 3113 omniun

151 3144 345 3211 Sanctorum
367 3141 428 3207 fuit
446 3143 554 3225 citata,
576 3165 640 3208 non
664 3142 761 3208 modo
784 3143 963 3230 antiquitus
988 3156 1152 3231 consueto,
1176 3158 1212 3212 ut
1234 3171 1345 3215 omnes
1365 3169 1424 3236 pau·

149 3271 246 3339 peres
280 3256 313 3312 et
348 3245 466 3310 divites
505 3249 710 3329 conveniant,
744 3245 802 3311 sed
825 3248 1015 3338 selegerunt
1034 3273 1098 3335 eos,
1135 3255 1219 3318 sicut
1249 3277 1341 3342 pyra,
1370 3251 1427 3338 quis

149 3356 272 3436 venire,
296 3361 438 3416 autnon
461 3351 574 3415 venire
598 3347 724 3418 debeat.
769 3349 874 3428 Multi,
907 3353 1002 3419 valde
1036 3355 1213 3441 christiani,
1236 3357 1324 3442 boni,
1358 3353 1427 3444 paci-

148 3459 213 3542 fici,
246 3459 334 3522 vitae
367 3454 481 3534 bonae,
490 3512 498 3543 ,ι
517 3454 678 3520 aestimati
713 3468 744 3522 et
766 3458 943 3545 prudentes
976 3460 1081 3525 studio
1104 3463 1273 3548 praeteriti
1308 3463 1428 3536 fuerunt,

151 3581 234 3653 qnos
255 3569 423 3648 suspectos
446 3584 558 3626 omnes
580 3564 614 3626 in
648 3561 729 3626 falso
754 3585 862 3628 errore
896 3563 1089 3647 habuerunt,
1124 3564 1214 3629 domi
1235 3565 1430 3653 reliquerunt

153 3670 237 3734 sicut
259 3667 357 3730 etiam
374 3666 446 3751 jam
470 3667 598 3752 saepius
622 3668 654 3730 in
679 3669 918 3732 communitatis
943 3669 1157 3734 conventibus
1173 3665 1431 3757 praecedentibus

151 3779 307 3860 egerunt3
331 3791 406 3834 nam
423 3771 484 3835 hoc
500 3773 570 3858 jam
593 3782 784 3837 consuetum
805 3773 875 3855 fuit,
899 3774 1083 3860 quicunque
1106 3773 1147 3839 ab
1171 3773 1236 3839 alio
1260 3771 1426 3839 etiamsine

149 3875 341 3964 probatione
376 3874 549 3939 sufficienti
580 3885 750 3941 accusatus
784 3875 853 3959 fuit,
884 3875 969 3962 quod
993 3876 1170 3942 Pickharta
1200 3878 1251 3962 sit,
1278 3880 1429 3966 jamneus
1470 3911 1473 3938 ι

151 4002 224 4046 esse
246 3978 367 4044 debuit.
1463 3992 1468 4001 ·

237 4081 305 4147 Sed
328 4081 434 4164 erede,
468 4081 559 4169 quod
589 4104 650 4146 neo
673 4086 858 4172 conjuratos
888 4108 1000 4151 omnes
1030 4087 1152 4151 rescire
1173 4087 1347 4171 potuerint,
1368 4080 1426 4171 quis

151 4186 400 4254 inveniebantan·
436 4207 596 4273 personae
629 4188 713 4251 inter
747 4200 912 4256 senatores
948 4201 980 4256 et
1009 4191 1090 4255 alios
1127 4193 1234 4259 officio
1272 4190 1422 4280 praeditos

151 4291 216 4357 imo
253 4290 372 4356 multos
408 4293 497 4355 cives
532 4301 565 4354 et
598 4292 808 4360 notabiliores
843 4296 938 4384 hujus
973 4298 1124 4375 civitatis,
1148 4297 1204 4383 qui
1226 4319 1340 4384 aeque,
1360 4294 1423 4359 sicul

151 4394 218 4478 alii,
241 4395 327 4482 apud
350 4393 486 4458 elericos
509 4394 590 4458 tales
613 4417 762 4482 egressos
787 4421 859 4463 esse
881 4400 1038 4483 solebant,
1063 4423 1143 4488 quos
1166 4409 1277 4465 tamen
1310 4402 1344 4465 in
1361 4411 1421 4485 pace
1472 4442 1473 4446 =

150 4498 358 4586 reliquerunt,
383 4498 561 4584 quisalius
583 4503 680 4587 pauci
692 4503 817 4589 Pragae
840 4506 1043 4588 mansissent,
1067 4506 1126 4598 qui
1144 4505 1179 4568 in
1202 4504 1265 4570 heo
1285 4511 1372 4592 parte
1389 4491 1421 4563 rei

150 4601 277 4670 inventi
298 4602 446 4667 fuissent.
490 4604 579 4668 Dum
602 4627 679 4690 ergo
703 4609 748 4674 ita
769 4609 818 4674 illi
842 4609 916 4674 boni
940 4609 1053 4675 selecti
1075 4609 1203 4675 incolae
1219 4610 1255 4673 in
1268 4601 1419 4675 communi·

151 4715 217 4772 tate
240 4714 272 4772 et
294 4706 384 4770 curia
407 4718 639 4791 convenerunt,
663 4719 739 4776 tuno
752 4712 806 4776 ille
819 4710 1060 4797 baccalaureus,
1084 4714 1117 4779 in
1136 4713 1255 4800 logica,
1278 4706 1421 4802 amphibo·

1330 4956 1383 5037 lt.
