2946 5086
144 151 208 219 200

139 332 215 390 ante
238 322 315 389 solis
337 343 490 389 occasum
512 324 553 389 de
576 324 658 391 urbe
680 325 837 411 Pragensi
858 330 967 390 exeat:
1002 321 1064 389 fuit
1085 324 1184 409 igitur
1207 324 1267 390 ille
1292 325 1431 408 boccan

135 449 210 493 carc
235 436 387 513 gravmus
411 429 588 495 semitertio
611 450 697 494 anno
720 429 864 517 quinque
885 426 1075 515 septimanis
1098 434 1132 492 et
1146 437 1286 516 quatuor
1310 429 1428 515 diebus,

135 531 177 597 de
200 531 291 619 cujus
315 552 422 615 causa,
445 541 501 597 aut
522 556 588 598 non
611 555 710 598 causa
732 531 910 621 promeriti,
946 540 977 595 et
1000 529 1105 617 qualis
1126 532 1217 599 vitae
1240 542 1273 625 et
1296 535 1427 601 actionis

134 635 240 718 bierit,
265 637 464 703 sufficienter
487 637 528 702 de
550 638 606 704 illo
631 622 814 703 enarratum
837 636 898 702 fuit
918 638 953 700 in
976 635 1119 701 secundo
1139 635 1236 722 libro,
1260 648 1295 704 et
1306 641 1427 728 quaudo

137 762 179 805 ex
202 739 388 806 carceribus
410 742 563 807 dimissus
585 742 654 823 fuit,
689 750 758 807 tum
780 740 912 829 quidam
933 740 1156 828 Hieronymus
1180 743 1337 811 sacerdos
1358 754 1427 811 tunc

137 843 290 933 temporis
312 846 473 932 parochus
495 847 536 912 ad
559 847 592 912 S.
617 846 748 913 Gallum
768 846 895 933 Pragae
930 843 1041 910 literas
1071 844 1178 910 eidem
1201 840 1336 936 scripsit
1348 850 1425 915 circa

138 952 224 1018 diem
247 949 402 1018 Omnium
427 952 621 1017 Sanctorum
644 951 789 1039 ejusdem
811 951 889 1016 anni
914 950 1009 1032 1526,
1031 949 1192 1016 exhibens
1216 952 1326 1019 eidem
1350 956 1424 1019 viam

138 1056 299 1144 quandam
321 1056 430 1140 latam,
465 1066 497 1121 et
525 1056 671 1123 honiines
694 1036 813 1121 multos
836 1054 879 1120 ad
912 1076 1026 1120 verum
1061 1054 1256 1142 (secundum
1291 1058 1422 1146 ejusdem

140 1159 284 1249 sensum)
315 1161 469 1243 honorem
494 1160 559 1224 Dei
586 1160 767 1244 ducentem,
801 1182 916 1225 verum
938 1167 1073 1248 propter
1094 1159 1238 1227 latrones
1263 1163 1357 1231 valde
1376 1188 1420 1252 pe·

138 1266 320 1349 riculosam,
353 1274 389 1330 ut
411 1288 484 1331 eum
506 1289 526 1330 a
547 1288 625 1331 vera
648 1266 763 1331 semita
786 1273 875 1330 certa
897 1271 929 1329 et
951 1286 1078 1354 secura,
1111 1287 1176 1352 qua
1201 1268 1300 1352 pauci
1321 1267 1361 1332 ad
1381 1288 1441 1333 soc

139 1372 287 1437 latiosam
309 1371 449 1458 quietem
482 1372 576 1458 regni
599 1370 747 1439 coelestis
780 1367 1020 1456 gradiebantur,
1058 1366 1221 1436 averteret
1252 1371 1304 1437 his
1326 1373 1418 1440 verbis

137 1475 222 1544 infra
242 1476 368 1563 positis.

689 1659 836 1730 OAPUT
857 1665 888 1730 2.

138 1847 176 1905 In
198 1864 257 1922 quo
279 1844 450 1904 insinuatur
472 1842 510 1900 de
532 1842 662 1918 quodam
684 1844 838 1904 sacerdote
860 1845 1043 1926 Hieronymo
1071 1824 1203 1925 parocho
1225 1848 1266 1906 ad
1288 1843 1319 1905 S.
1352 1843 1418 1905 Gal·

202 2002 205 2007 ·
230 1933 302 2007 lum,
325 1931 378 2010 qui
398 1931 501 1990 literas
524 1929 644 2008 scripsit
666 1929 751 1990 fratri
776 1931 922 2009 Mathiae,
950 1954 988 1994 ex
1009 1933 1181 1996 carceribus
1205 1933 1342 1994 dimisso.

227 2100 341 2171 Gratia
351 2095 486 2162 Domini
507 2097 608 2161 nostri
630 2097 711 2162 Jesu
735 2098 858 2166 Ohris'ti
881 2100 923 2167 sit
946 2112 1052 2169 tecum
1076 2111 1108 2169 ct
1131 2104 1273 2170 charitas
1296 2102 1371 2186 Dei,
1398 2106 1425 2165 et

140 2203 260 2272 donum
283 2202 423 2290 Spiritus
447 2199 558 2267 Sancti
580 2202 691 2269 visitet
712 2206 754 2288 te,
777 2203 894 2271 Amen.

223 2308 269 2373 Mi
304 2329 377 2373 care
411 2304 510 2371 frater
532 2307 565 2370 in
599 2304 729 2375 Obristo
762 2308 912 2387 Mathias.
950 2300 1094 2398 Saepius
1105 2312 1177 2400 jam
1209 2310 1325 2377 literas
1346 2330 1427 2379 meas

144 2413 186 2479 ad
207 2421 240 2478 te
263 2412 466 2490 direxissem,
501 2421 533 2478 et
554 2412 613 2478 tibi
636 2413 813 2480 collocutus
835 2415 987 2501 fuissem3
1025 2430 1193 2481 accessum
1227 2438 1309 2484 vcro
1340 2415 1451 2481 talem'

139 2510 287 2607 quamvis
311 2517 439 2604 saepius
462 2508 688 2605 quaesiverim,
711 2540 776 2584 non
786 2519 908 2604 inveni,
920 2502 1008 2584 nunc
1023 2542 1102 2586 vero
1119 2527 1277 2607 quantum
1294 2520 1426 2609 spatium

140 2623 294 2711 temporis
317 2620 468 2706 admittit,
493 2622 575 2687 haec
597 2622 736 2689 notifico.
771 2623 897 2689 Dolens
920 2623 1077 2690 condoleo
1100 2624 1197 2691 valde
1220 2634 1277 2692 tuo
1301 2626 1428 2692 infortu-

138 2726 213 2807 nio,
235 2751 301 2794 non
325 2729 429 2795 solum
459 2731 493 2795 in
517 2746 615 2795 causa
636 2731 724 2797 vitae
746 2738 820 2795 tuae
842 2728 1044 2816 temporalis,
1079 2750 1194 2795 verum
1216 2728 1272 2797 vel
1295 2731 1428 2797 maxime

137 2843 270 2925 propter
292 2836 422 2901 divitias
445 2836 574 2901 animae
595 2845 679 2919 tuae,
713 2833 899 2900 revocando
934 2832 1015 2898 mihi
1036 2832 1070 2897 iu
1092 2818 1284 2901 memoriam
1308 2835 1427 2902 divitias

138 2941 226 3026 regis
250 2939 422 3023 Ozechiae,
445 2938 522 3004 dum
551 2941 696 3026 ¹turpiter
730 2938 839 3003 amisit
866 2936 955 3002 bona
978 2945 1010 3002 et
1030 2935 1163 3002 divitias
1185 2937 1273 3023 illas,
1310 2939 1425 3027 quando

138 3044 315 3132 Babylonii
338 3052 444 3109 astuta
466 3045 581 3131 rapina
602 3044 719 3109 iisdem
742 3043 833 3108 illum
845 3044 1067 3131 privaverunt,
1091 3050 1161 3107 tum
1177 3066 1326 3130 agnosco
1337 3045 1423 3111 chare

138 3150 240 3216 frater
262 3149 401 3215 Mathias
425 3149 567 3232 divitias,
602 3173 682 3237 quas
704 3147 890 3237 possedisti,
924 3148 958 3212 in
982 3168 1088 3213 eremo
1111 3171 1172 3237 per
1194 3149 1370 3237 diligentes
1389 3149 1425 3215 la

138 3256 261 3339 bores,
280 3255 467 3342 frequentes
491 3256 661 3336 orationes,
690 3253 854 3345 ¹lectiones
890 3261 922 3316 et
944 3252 1173 3335 meditationes
1197 3255 1244 3319 -in
1265 3255 1342 3342 lege
1362 3254 1424 3336 Dei,

140 3354 325 3448 frequentes
358 3360 599 3447 communiones
632 3359 776 3448 corporis
800 3365 832 3422 et
853 3358 1025 3443 sanguinis·
1058 3356 1181 3422 domini
1215 3361 1324 3426 nostri
1357 3359 1424 3425 Jesu

141 3464 276 3546 Christi,
299 3464 386 3552 quod
407 3456 525 3552 nempe
547 3471 622 3529 ate
644 3464 702 3529 has
724 3464 854 3530 divitias
866 3466 991 3531 inimici
1006 3463 1210 3550 abstulerint,
1233 3465 1423 3535 immittendo

140 3570 175 3633 in
198 3578 363 3634 cortuum
388 3568 667 3656 complacentiam,
702 3568 788 3656 quod
817 3569 910 3635 dives
944 3570 988 3634 sis
1023 3570 1059 3634 in
1081 3569 1232 3659 doctrina
1267 3581 1300 3639 et
1320 3570 1423 3639 intelli·

141 3673 251 3760 gentis
271 3673 354 3758 legis
377 3671 518 3749 divinae,
554 3681 586 3737 et
607 3674 642 3737 in
665 3672 715 3738 his
737 3674 962 3761 praeemineas
997 3681 1030 3739 et
1052 3696 1186 3762 superes
1211 3698 1325 3757 omnes
1362 3675 1424 3741 doo-

141 3788 238 3861 tores,
261 3777 456 3843 Piokhartas
469 3786 500 3842 et
522 3800 650 3871 omnem
665 3778 797 3846 clerum.
831 3779 923 3845 Haec
945 3778 1075 3868 quidem
1098 3780 1176 3845 inde
1199 3780 1338 3868 collig03
1360 3802 1423 3845 nan

42 3910 47 3920 ·
138 3883 219 3973 alias
251 3883 359 3948 fueras
390 3883 545 3971 frequens
579 3883 697 3972 hospes
731 3907 864 3950 mensae
885 3885 966 3969 Dei;
1004 3885 1070 3948 imo
1091 3885 1126 3977 in
1150 3884 1265 3968 literis,
1301 3906 1379 3973 quas
1398 3886 1425 3948 iu

137 4013 245 4056 eremo
269 3990 464 4077 quibusdam
488 3993 662 4079 scripsisti,
697 3994 880 4082 insinuasti,
916 4002 948 4057 te
970 3992 1052 4057 haec
1073 4013 1180 4074 nosse,
1215 3986 1305 4077 quod
1326 4011 1426 4055 mensa

139 4096 274 4162 Domini
286 4098 446 4162 intentum
469 4105 558 4183 tuum
583 4098 633 4180 sit,
658 4120 701 4162 ex
723 4121 787 4183 qua
807 4082 996 4185 frequentes
1017 4098 1142 4163 fructus
1166 4094 1325 4182 colligere
1348 4095 1426 4160 desi·

141 4200 244 4266 deras.
280 4200 387 4267 Aliter
421 4223 495 4266 cars
518 4202 618 4267 frater
639 4202 781 4268 Mathias
804 4211 835 4267 te
850 4202 1004 4281 ,extulisti
1024 4202 1058 4265 in
1075 4199 1232 4266 exhibitis
1249 4199 1428 4266 tractatibus

140 4314 287 4372 veterum
310 4306 545 4393 haereticorum
567 4305 826 4389 Taboriensium,
861 4307 895 4369 in
930 4306 1047 4394 quibus
1069 4304 1172 4370 multa
1194 4306 1342 4371 convitia
1364 4326 1429 4371 oon·
1469 4384 1471 4389 Ι

144 4402 266 4499 scripta
288 4420 372 4496 sunt,
402 4435 538 4499 quorum
561 4434 660 4478 unum
683 4413 761 4478 mihi
784 4413 1002 4480 transmisisti.
1035 4409 1154 4476 Multas
1177 4410 1321 4481 infames
1343 4412 1430 4481 auda-

143 4519 212 4583 cias
235 4515 290 4581 hic
311 4527 466 4595 tractatus
489 4519 523 4583 in
546 4539 581 4582 se
604 4518 756 4600 continet,
784 4519 975 4604 praesertim
998 4516 1063 4593 ille,
1101 4514 1160 4594 ubi
1183 4516 1278 4585 cibus
1301 4520 1428 4587 Domini

143 4631 175 4687 et
195 4629 291 4709 potus
313 4622 348 4685 in
369 4622 533 4689 levitatem
557 4623 719 4711 quandam
747 4623 883 4688 vertitur
905 4622 957 4689 his
982 4619 1109 4707 verbiss
1145 4625 1292 4691 essentia
1305 4623 1433 4694 natiuali

141 4732 176 4793 et
193 4746 348 4815 suprema
362 4818 367 4823 .
382 4714 499 4823 corpus
521 4725 644 4822 Christi
664 4729 699 4794 in
722 4725 825 4811 coelis,
843 4736 919 4814 est,¹
944 4724 1096 4807 secundo,
1132 4728 1359 4820 spiritualiter,
1388 4752 1434 4815 ,es-
