2946 5086
250 1156 258 1165 ”
312 1252 567 1387 nonu
601 1254 806 1386 creas
840 1256 1154 1441 uacuus·
1199 1432 1201 1437 ¹
1254 1242 1257 1247 ’
1314 1444 1319 1451 .

89 1595 129 1663 In
165 1616 228 1683 quo
264 1593 422 1661 scribetur
454 1595 495 1661 de
527 1617 648 1684 magna
688 1597 906 1665 sollicitudine
937 1621 1049 1684 sacrae
1081 1603 1266 1669 memoriae
1294 1605 1370 1691 regis

87 1700 256 1784 Ludovici,
279 1709 315 1766 ut
335 1701 489 1789 populum
509 1704 715 1771 innocentem
736 1704 854 1771 iterum
875 1704 1032 1794 adjuvare
1053 1708 1170 1795 possit,
1205 1706 1324 1775 multas
1343 1717 1370 1774 ct

89 1792 192 1872 varias
212 1805 324 1872 literas
346 1806 570 1892 Pragensibus
608 1810 841 1876 transmittens.
886 1810 969 1877 Item
1000 1809 1042 1877 de
1071 1810 1216 1883 infelici,
1234 1834 1316 1879 casn
1333 1822 1370 1885 ,et

90 1911 222 1977 interitu
244 1911 390 2003 ejusdem
411 1913 499 1999 regis
521 1912 709 1982 Ludoviei„
737 1910 822 1980 Item
834 1936 918 2003 quac
933 1915 984 1982 his
995 1915 1206 2011 temporibus
1220 1917 1370 1985 actuum

636 2103 784 2171 CAPUT
808 2106 835 2174 1.

89 2301 128 2360 In
146 2317 204 2374 quo
225 2300 403 2376 insinnatur,
427 2303 505 2377 quod
527 2303 575 2363 ad.
587 2302 768 2363 submissam
779 2301 954 2380 petitionem
971 2302 1082 2363 domini
1103 2302 1233 2365 Joannis
1250 2305 1370 2365 Hlawsa

91 2397 121 2446 et
142 2387 260 2448 Nicolai
284 2384 411 2462 Schorff,
431 2410 486 2448 rex
507 2390 677 2450 Ludovieus
701 2384 892 2449 mandaverit
912 2390 1043 2468 principi
1078 2399 1108 2449 et
1147 2391 1269 2453 dotnino
1291 2393 1368 2466 Lew,

91 2483 179 2548 atque
213 2476 292 2545 aliia,
322 2484 355 2534 ut
387 2477 555 2554 Pragenses
585 2497 651 2537 oum
686 2476 828 2554 relegatis
864 2479 902 2536 ad
937 2478 1124 2537 concordiam
1156 2481 1369 2557 persuadeant3

90 2562 228 2640 princeps
256 2571 353 2624 autem
383 2574 412 2621 et
440 2566 577 2623 dominus
599 2565 676 2633 Lew,
694 2566 767 2623 haec
800 2565 903 2624 omnia
930 2584 989 2624 non
1012 2573 1160 2641 curantes,
1192 2567 1369 2644 praeterire·

90 2649 162 2729 rint,
192 2651 328 2714 dominus
350 2650 475 2712 Hlawsa
495 2672 566 2712 vero
600 2670 667 2712 cum
688 2651 833 2728 magistro
855 2651 1030 2712 Wenccslao
1049 2652 1147 2713 denuo
1169 2654 1252 2730 apud
1271 2673 1366 2733 rogem

624 2738 825 2801 sollicitentur.

177 2888 274 2954 Pater
296 2888 454 2975 coelestis,
478 2891 533 2979 qui
544 2890 652 2956 omnia
664 2890 783 2956 virtute
795 2897 827 2955 et
836 2890 981 2978 potentia
996 2910 1054 2954 sua
1064 2891 1159 2978 regit,
1175 2911 1222 2957 cx
1237 2890 1369 2980 praede·

92 2991 263 3080 stinatione
287 3001 319 3059 et
340 2996 557 3082 praescientia
578 2995 619 3061 ab
643 3002 784 3079 aeterno,
810 3016 893 3082 quae
915 2994 986 3062 fieri
1007 2994 1127 3062 debent
1147 2992 1365 3085 imposterum,

91 3109 123 3168 et
145 3121 226 3189 quae
241 3099 313 3166 fieri
336 3098 525 3185 debuerunt,
549 3100 702 3188 dignatus
717 3101 779 3166 fuit
791 3104 956 3188 respicere
977 3096 1148 3169 innumera
1170 3103 1288 3189 gravia
1308 3123 1368 3167 sus·

89 3204 181 3293 piria,
214 3205 360 3294 ploratus
384 3214 416 3273 et
438 3207 578 3293 gemitus
600 3205 782 3272 innocentis
804 3206 925 3295 populi,
949 3213 981 3271 et
992 3206 1180 3272 instinctum
1204 3205 1284 3272 dare
1305 3227 1367 3272 cor·

91 3333 156 3398 que·
186 3311 329 3377 emollire
361 3313 448 3398 regis
482 3312 616 3401 ejusque
652 3311 919 3394 consiliariorum,
948 3318 984 3378 ut
1024 3310 1168 3397 benigne
1203 3310 1367 3377 inclinetur

89 3437 349 3505 propensumque
370 3417 525 3484 reddatur
549 3425 701 3506 respectu
723 3438 854 3484 suorum
877 3413 1077 3481 subditorum
1108 3415 1289 3483 secundnm
1319 3437 1366 3504 pu·

90 3542 159 3589 ram
182 3530 214 3586 et
237 3521 357 3587 claram
375 3523 544 3610 justitiam,
568 3521 609 3589 ob
632 3523 806 3587 immensas
828 3520 919 3586 fictas
941 3519 1183 3607 persecutiones
1196 3529 1231 3587 et
1245 3539 1365 3610 oppres·

91 3626 197 3692 aiones
220 3626 386 3692 hominum
408 3627 442 3692 in
464 3627 536 3694 Deo
554 3625 716 3716 justorum
751 3634 783 3692 et
803 3623 1008 3714 prudentum,
1041 3622 1180 3690 divitum
1204 3632 1238 3690 et
1258 3644 1364 3713 paupe·

89 3752 170 3814 nrm,
194 3732 321 3819 quibis
344 3731 492 3798 omnibus
529 3731 727 3821 temporibus
757 3730 859 3797 multa
889 3731 1086 3805 innocenter¹
1108 3751 1129 3794 a
1151 3727 1364 3803 directoribus,

90 3834 182 3901 laicis
205 3844 237 3901 et
259 3836 386 3902 clericis
409 3836 499 3902 urbis
522 3837 697 3924 Pragensis
721 3837 885 3903 sustinere
908 3834 1097 3920 debuerunt,
1128 3833 1169 3902 de
1193 3837 1320 3926 quibus,
1338 3841 1366 3899 ut

84 3939 210 4026 judico,
236 3942 313 4005 satis
335 3941 456 4007 dictum
477 3941 538 4008 fuit
559 3943 593 4007 in
626 3940 713 4007 libro
745 3941 850 4030 primo
874 3947 906 4005 et
928 3939 1070 4006 secundo
1093 3939 1190 4028 hujus
1212 3949 1364 4008 tractatus.

89 4044 134 4110 Ut
164 4068 243 4112 vero
276 4045 409 4110 ulterius
443 4067 510 4111 non
532 4044 691 4130 aberrem,
715 4044 773 4111 sed
795 4044 837 4110 ad
858 4044 956 4110 finem
978 4042 1131 4132 progredi
1159 4066 1303 4133 possem,
1329 4040 1365 4108 ad

90 4151 275 4217 ulteriorem
290 4151 437 4217 ordinem
460 4173 555 4217 casus
578 4151 675 4239 hujus
697 4149 861 4217 accedam.
882 4149 943 4216 Illo
966 4157 1111 4238 tempore
1133 4168 1223 4237 ergo,
1249 4148 1364 4240 quando

93 4255 277 4343 Pragenses
301 4280 374 4323 cum
396 4258 545 4346 principe
568 4266 600 4322 et
621 4257 693 4323 aliis
714 4255 874 4341 ablegatis
909 4264 1053 4343 tempora
1074 4275 1177 4320 verno
1199 4253 1363 4342 praeterito

89 4385 132 4430 ex
152 4364 324 4451 Hungaria
344 4388 411 4431 non
446 4365 645 4432 confirmatis
681 4363 890 4453 compactatis
923 4385 943 4428 a
974 4382 1053 4448 rege
1074 4357 1277 4445 redivcrunt‚
1308 4367 1366 4424 tun

87 4469 184 4557 paulo
206 4480 280 4559 post
301 4471 415 4538 literae
436 4473 550 4558 regiae
573 4494 634 4560 per
656 4469 847 4558 diligentem
869 4466 1135 4534 allaboratienem
1156 4471 1191 4528 et
1214 4480 1364 4553 expensas

89 4573 225 4641 Joannis
248 4575 382 4643 Hlawsa
404 4586 436 4643 et
457 4577 585 4644 Nicolai
599 4575 731 4644 Schorti
749 4575 791 4640 ad
812 4576 969 4639 instantes
992 4570 1120 4636 illorum
1141 4588 1268 4656 preces,
1290 4568 1366 4658 prin-

91 4680 164 4768 cipi,
198 4679 330 4750 domino
360 4681 438 4748 Low
471 4704 621 4771 supremo
651 4679 850 4770 burggravio
886 4675 1053 4764 Pragensi,
1090 4679 1123 4740 et
1157 4671 1367 4764 Pragenaibue
