2946 5086
146 139 191 207 80

143 309 178 375 id
200 308 396 391 desiderant,
431 307 526 374 simul
548 298 645 373 etiam
674 303 795 388 dicunt,
828 303 920 390 illud,
955 303 1043 394 quod
1075 302 1265 373 sacerdotes
1287 304 1326 369 in
1349 323 1435 371 tucn·

145 413 280 477 strantia
301 419 479 495 asservant,
503 409 584 475 nihil
607 431 690 479 esse.

230 513 330 599 Item;
355 515 441 601 quod
465 514 617 580 sacerdos
650 511 781 601 quidam
803 513 935 601 publice
968 514 1098 599 dixerit,
1123 508 1212 602 quod
1234 508 1430 579 consecratio

145 620 289 707 corporis
312 617 434 684 Christi
456 641 522 684 non
545 621 586 684 sit
608 617 803 684 sacrificium
825 641 882 684 seu
915 620 1059 696 victima,
1092 640 1167 684 cum
1190 614 1345 683 Christus
1361 616 1423 702 jam

146 723 247 789 semel
284 722 410 789 oblatus
447 725 489 789 sit
512 732 544 788 et
564 745 624 811 per
646 722 730 787 hane
753 721 951 788 oblationem
978 723 1050 811 jam
1080 731 1179 789 antea
1212 742 1329 786 omnes
1350 718 1424 784 aliae

147 826 328 893 oblationes
351 836 513 914 peractae.

87 916 91 923 ¹
229 928 312 993 Item
335 927 376 993 de
398 931 497 994 missa
519 927 642 992 dietum
662 925 732 1004 fuit,
756 927 843 1014 quod
865 927 944 993 nihil
968 928 1018 1010 sit,
1034 935 1067 992 et
1082 928 1224 1013 sumptio
1243 925 1421 993 sacramenti

147 1053 212 1096 non
236 1033 279 1096 sit
301 1031 482 1097 substantia
513 1028 636 1112 salutis,
673 1030 771 1094 etiam
793 1039 910 1115 vestes,
946 1031 1076 1115 calices,
1105 1032 1339 1097 monstrantias
1362 1050 1420 1094 con·

147 1143 332 1200 temserunt.

232 1238 330 1323 Item3
364 1237 451 1325 quod
473 1238 641 1303 concernit
669 1258 787 1324 corpus
810 1247 842 1301 et
872 1239 1062 1324 sanguinem
1097 1236 1231 1320 Christi,
1254 1235 1297 1301 de
1317 1234 1363 1299 his
1380 1232 1414 1316 ig·

147 1344 329 1408 nominiose
353 1352 385 1407 et
406 1363 467 1430 per
499 1350 720 1429 contemptum
751 1339 849 1405 locuti
884 1342 1024 1419 fuerunt,
1047 1341 1133 1430 quod
1162 1339 1256 1405 Deus
1288 1337 1340 1403 hic
1367 1357 1415 1400 non

147 1447 243 1531 adsit,
266 1455 299 1512 et
331 1468 427 1533 quem
459 1468 531 1511 esse
559 1445 719 1534 judicant,
753 1445 840 1511 huno
870 1467 1008 1512 araneae
1041 1456 1073 1512 et
1106 1465 1215 1510 mures
1239 1446 1416 1519 consumunt,

146 1551 258 1618 vinum
281 1552 378 1616 etiam
411 1560 548 1626 acescat,
582 1549 669 1637 quod
690 1548 833 1614 Domino
867 1550 940 1616 Deo
976 1572 1041 1615 non
1063 1549 1227 1630 convenit,
1252 1546 1328 1633 quia
1346 1561 1418 1631 prae·

148 1678 222 1722 sens
245 1655 384 1720 hicnon
407 1654 509 1738 adest,
534 1653 592 1718 sed
614 1655 649 1718 in
671 1653 769 1718 coelis
791 1651 833 1717 ad
864 1653 1014 1718 dextram
1042 1653 1108 1718 Dei
1139 1651 1242 1735 sedet,
1273 1648 1379 1735 ibique
1397 1650 1418 1707 et

147 1781 213 1825 non
234 1757 313 1823 alibi
334 1758 464 1824 adorari
487 1757 620 1842 debeat,
652 1766 684 1823 et
716 1755 803 1821 unde
826 1756 917 1822 Deus
951 1758 993 1822 ad
1022 1754 1269 1823 monstrantiam
1291 1744 1416 1819 veniret?

234 1861 333 1947 Item,
365 1862 480 1927 altaria
515 1861 726 1927 nominabant
748 1859 895 1925 officinas
927 1872 959 1928 et
979 1864 1080 1939 focos,
1109 1884 1149 1927 ac
1180 1861 1263 1926 ritus
1286 1855 1420 1925 ecclesiae

80 1951 83 1958 ’
150 1966 409 2032 contemnebant,
735 2051 738 2057 Ι

233 2070 333 2154 Item,
356 2069 581 2156 processiones
604 2081 636 2134 et
659 2070 740 2136 alias
763 2071 1085 2137 commemorationes
1102 2069 1235 2153 Christi,
1259 2067 1420 2135 utJeruss
1457 2024 1467 2135 i

151 2175 227 2257 lem,
261 2173 435 2262 sepulchra
467 2173 634 2260 paschalia
667 2175 915 2262 abrogaverunt,
940 2185 972 2239 et
994 2197 1091 2264 super
1120 2175 1202 2242 haee
1235 2177 1323 2243 circa
1353 2173 1424 2239 diem

150 2277 387 2343 Purificationis
422 2278 573 2342 articulos
607 2277 763 2365 quosdam
794 2288 1056 2365 composuerunt,
1090 2303 1145 2346 eos
1174 2282 1246 2345 sine
1280 2279 1426 2345 voluntate

152 2381 237 2447 Suae
260 2383 382 2469 Regiae
403 2382 585 2469 Majestatis
608 2384 751 2471 imprimi
773 2394 933 2453 curantes.

236 2486 337 2571 Item;
370 2485 405 2548 hi
426 2488 549 2573 captivi
570 2489 604 2552 in
634 2488 784 2554 omnibus
808 2489 953 2555 consiliis
988 2488 1085 2554 nobis
1123 2488 1387 2570 adversabantur,
1405 2491 1429 2549 et

152 2591 308 2655 honorem
331 2589 464 2672 nullum,
489 2589 565 2655 dum
588 2592 814 2679 processiones
848 2593 1007 2679 quaedam
1036 2592 1202 2659 institutae
1224 2594 1363 2675 fixerunt,
1385 2611 1427 2655 ex·

153 2695 348 2778 hibuerunt;
371 2694 413 2759 ad
435 2695 516 2759 haee
537 2706 646 2762 autem
662 2696 770 2762 omnia
793 2697 977 2762 sacerdotes
994 2719 1049 2762 eos
1063 2694 1265 2763 induxerunt
1280 2706 1313 2763 et
1326 2696 1429 2762 anima·

153 2808 238 2881 runt,
267 2797 317 2861 illi
350 2807 458 2863 tamen
489 2821 544 2864 eos
573 2802 607 2864 in
640 2802 806 2868 civitatem
838 2802 952 2867 venire
973 2801 1130 2885 fecerunt,
1164 2801 1378 2869 defendenmt
1407 2799 1433 2863 in

154 2900 365 2969 concionibus
389 2911 421 2966 et
443 2905 552 2969 missis
576 2928 688 2971 eorum
710 2907 934 2973 interfuerunt.

238 3007 320 3073 Item
352 3006 445 3072 laicis
484 3011 669 3075 concionari
703 3035 768 3078 non
797 3011 1048 3088 interdixerunt,
1069 3012 1135 3076 imo
1166 3019 1199 3075 et
1227 3014 1263 3077 in
1299 3007 1433 3079 eeclesiis

155 3110 363 3195 admiserunt,
385 3120 421 3176 ut
442 3114 682 3198 concionentur,
707 3118 791 3181 sicut
812 3117 889 3182 fecit
912 3115 1067 3180 Nicolaus
1089 3114 1212 3181 Schoff
1229 3117 1320 3204 apud
1338 3111 1434 3204 ulth-

158 3215 304 3281 ehaelem
325 3219 359 3280 in
384 3216 580 3304 Opatowiez.
741 3305 744 3311 Ι

239 3319 339 3404 Item3
362 3319 561 3386 admiserunt
582 3323 633 3387 his
664 3324 897 3409 sacerdotibus,
918 3338 954 3390 ut
987 3326 1185 3415 praedicent,
1210 3326 1299 3413 quod
1321 3321 1434 3411 majoris

156 3424 321 3510 dignitatis
343 3425 438 3490 homo
462 3424 566 3490 bonus
589 3429 640 3505 sit,
665 3450 762 3517 quam
784 3452 902 3518 corpus
928 3440 959 3497 et
991 3432 1125 3518 sanguis
1150 3428 1287 3515 Christi,
1312 3439 1345 3498 et
1364 3423 1435 3519 quod

156 3527 304 3595 diabolus
327 3528 474 3593 homines
498 3530 632 3596 seducat
653 3555 712 3619 per
734 3534 904 3621 Virginem
926 3536 1073 3601 Mariam.

242 3631 342 3714 Item;
367 3630 536 3716 dixerunt,
560 3656 718 3702 canonem
741 3638 823 3704 nihil
846 3661 927 3724 esse,
952 3648 984 3704 et
1006 3639 1153 3724 Sanctus,
1177 3640 1234 3727 qui
1254 3641 1291 3705 in
1314 3660 1352 3704 eo
1372 3653 1432 3702 con·

156 3736 315 3817 tinentur,
352 3756 423 3799 esse
444 3736 478 3800 in
500 3736 636 3804 inferno.
681 3740 841 3809 Doctores
864 3751 1008 3810 vetustos
1031 3751 1306 3830 contempserunt,
1335 3735 1433 3823 imagi-

155 3862 214 3905 nes
238 3838 385 3903 crucifixi
408 3853 606 3926 spreverunt.

242 3944 323 4008 Item
347 3942 495 4008 omnibus
519 3948 723 4015 currentibus
746 3949 788 4014 ad
822 3953 1050 4017 monstrantias
1071 3950 1354 4040 imprecabantur;
1373 3969 1433 4016 eon·

157 4058 278 4116 tractus
312 4057 344 4112 et
372 4049 600 4137 inscriptiones
631 4054 839 4119 confecerunt
879 4077 953 4120 cum
985 4056 1037 4121 his
1066 4055 1291 4124 sacerdotibus
1324 4056 1383 4124 viri
1408 4056 1434 4117 oi

158 4153 319 4234 mulieres,
343 4159 375 4214 et
396 4162 493 4217 noctu
515 4154 558 4219 ad
580 4156 741 4223 haeresim
764 4160 1011 4226 conveniebant.

243 4255 341 4339 Item3
365 4255 431 4320 Sua
463 4258 618 4345 Majestas
650 4261 754 4348 Regia
775 4262 929 4330 mandare
951 4263 1155 4351 dignabatur,
1192 4273 1229 4331 ut
1257 4264 1433 4335 Piekhartu

158 4360 243 4425 inter
265 4380 317 4433 se,
340 4380 402 4423 neo
424 4361 458 4424 in
481 4362 596 4431 officiis
619 4364 773 4449 tolerent,
805 4369 856 4433 cui
877 4369 942 4457 ipsi
980 4367 1265 4456 contradicebant,
1304 4365 1433 4459 quamvis

158 4462 327 4553 probatum
349 4463 446 4529 fuerit
467 4466 607 4555 ahquem
646 4491 718 4535 esse
740 4470 965 4557 Pickhartam3
990 4473 1157 4539 dieentes:
1180 4473 1263 4539 cur?
1285 4474 1340 4542 vel
1359 4472 1433 4540 dhe

158 4575 251 4635 runt:
272 4564 650 4640 forteslesPiokhartae
665 4574 774 4663 plures
789 4577 1021 4662 invenirentur,
1045 4600 1141 4667 quam
1163 4577 1290 4664 decem,
1312 4585 1435 4657 centum,

160 4685 216 4743 aut
235 4674 318 4740 forte
337 4668 457 4758 plures,
491 4699 587 4764 quam
609 4679 706 4746 mille.
750 4679 894 4769 Ideoque
916 4681 1075 4771 appellari
1096 4704 1132 4750 se
1153 4682 1349 4754 Piekhartae
1381 4698 1436 4751 nou
