2946 5086
872 96 879 139 l

584 295 586 298 ψ
1246 202 1250 213 ,
1319 172 1383 269 ru·
1452 238 1455 244 .

92 365 184 451 biles,
223 384 323 455 mam
354 364 574 432 aestimabiles
608 372 797 459 evenerunt,
823 364 964 454 ideoque
983 372 1084 463 prom
1098 364 1253 454 possibile
1273 363 1382 449 fuerit,

89 471 248 555 ordinem,
271 470 451 537 secundum
477 470 639 558 judicium
659 492 777 554 meum,
811 467 956 535 debitum
976 466 1052 535 non¹
1065 470 1232 537 excedam.
1276 468 1383 536 Crede

90 578 198 664 igitur,
214 575 293 642 dum
306 571 466 642 scribatur
476 597 581 642 annus
593 598 613 643 a
624 577 791 643 nativitate
801 574 861 640 filii
870 573 936 647 Dei
951 573 1044 658 1524,
1068 575 1191 662 Regem
1202 575 1383 658 instituisse

92 683 223 748 comitia
238 684 273 748 in
284 703 359 748 arce
370 681 528 768 Pragensi
542 703 601 768 pro
612 679 666 746 die
678 681 899 747 conversionis
912 679 944 758 S,
955 679 1048 745 Pauli
1060 680 1128 760 (25.
1139 679 1160 746 J
1162 686 1239 764 an),
1263 691 1295 746 et
1316 678 1383 767 qui·

91 785 162 852 dem
187 786 337 852 omnibus
361 785 506 870 statibus,
543 786 634 852 laicis
657 793 689 852 et
710 784 847 868 clericis,
880 782 924 848 ad
946 806 1028 872 quae
1050 791 1169 871 magna
1190 786 1285 873 copia
1306 784 1386 851 oleri

91 889 147 956 sub
169 900 318 979 utraque,
356 898 391 956 st
411 889 471 955 sub
496 910 561 956 una
583 890 692 977 specie
714 889 981 957 communicantis
1002 889 1161 954 convenit.
1205 888 1387 955 Videbatur

89 1004 205 1073 autem
235 995 428 1084 quibusdam
459 993 706 1060 notabilioribus
736 994 777 1060 de
809 1002 894 1060 statu
926 993 1129 1060 dominorum
1166 1001 1198 1058 et
1232 992 1384 1082 equestri,

89 1099 166 1164 item
187 1099 418 1186 Pragensibus,
451 1106 487 1166 ut
511 1109 632 1186 ⁸agatur
664 1122 738 1167 eum
770 1109 862 1188 parte
890 1083 1035 1166 Romana
1068 1099 1109 1164 de
1142 1098 1398 1173 confirmatione,

92 1209 366 1294 compactatorum
404 1227 479 1270 cum
512 1206 589 1272 sede
610 1207 766 1290 Romana,
801 1215 833 1271 et
853 1206 917 1273 hoc
947 1205 1044 1272 modo
1066 1205 1203 1271 occulta
1235 1203 1400 1295 decipula·

91 1331 254 1397 unapars
285 1309 379 1376 alteri
412 1318 599 1376 construere
620 1310 820 1395 intendebat,
858 1309 918 1377 sub
951 1309 1025 1376 velo
1055 1308 1180 1375 futurae
1209 1318 1385 1404 perpetuae

92 1416 193 1503 pacis,
228 1422 324 1504 prout
355 1413 441 1480 infra
471 1414 645 1499 videbitur,
679 1414 720 1480 de
743 1436 806 1504 quo
830 1415 927 1481 etiam
947 1414 982 1481 in
1005 1413 1117 1480 ordina
1131 1414 1262 1505 primae
1282 1414 1385 1511 partis

92 1518 251 1606 quaedem
271 1519 434 1601 insinuata
455 1519 593 1587 fuerunt.
614 1519 799 1608 Antequam
820 1528 929 1611 autem
941 1518 1049 1608 aliqua
1059 1540 1157 1605 agere
1179 1518 1385 1607 incepissent,

93 1625 197 1690 clerus
218 1624 321 1712 partis
344 1624 404 1690 sub
426 1632 561 1715 utraque
595 1648 656 1693 son
678 1625 780 1692 semel
802 1624 1017 1692 conveniebat
1040 1624 1075 1689 in
1097 1621 1234 1709 collegio
1256 1645 1385 1711 magno,

92 1729 243 1817 impletus
265 1729 381 1819 spiritu
401 1731 591 1818 iniquitatis,
628 1732 663 1796 in
681 1723 749 1820 vquo
771 1738 933 1798 conventu
962 1727 1116 1795 sathanae
1137 1728 1386 1794 instrumentum

93 1834 334 1903 administrator
353 1856 412 1923 pro
433 1834 499 1901 illis
522 1835 653 1902 missam
676 1843 839 1902 cantatam
860 1835 902 1902 de
923 1833 1037 1924 spiritu
1059 1841 1170 1903 sancto
1199 1831 1386 1916 celebravit,

93 1946 127 2003 ut
147 1939 355 2027 propositum
376 1939 553 2007 eorundem
574 1939 721 2008 dolosum
765 1949 798 2007 et
818 1939 1024 2008 insidiarium
1056 1941 1195 2012 feliciter
1226 1936 1387 2006 succedat.

92 2042 168 2110 Post
190 2043 274 2109 haec
295 2045 486 2133 inceperunt
507 2067 605 2133 agere
626 2045 661 2111 in
683 2068 758 2113 arce
772 2045 950 2133 Progensi;
974 2047 1060 2135 quali
1072 2055 1180 2114 autem
1202 2046 1314 2114 ordine
1324 2045 1387 2113 hoc

93 2148 297 2236 processerit,
332 2149 405 2237 quis
437 2173 505 2217 non
536 2148 729 2216 mirabitur?
769 2173 843 2217 cum
871 2149 953 2217 illud
984 2151 1039 2217 hio
1068 2152 1182 2218 ordine
1210 2150 1387 2239 antiquitus

94 2256 250 2320 consueto
272 2261 380 2319 actum
413 2277 479 2320 non
511 2254 623 2341 fuerit3
656 2257 808 2346 princeps
829 2278 908 2325 vero
931 2255 1068 2322 Carolus
1089 2255 1303 2346 personaliter
1325 2253 1389 2320 sibi

94 2356 201 2424 locum
221 2359 349 2446 regium
372 2381 446 2426 oum
467 2359 598 2426 domino
620 2360 709 2445 Levv,
723 2360 785 2427 hoc
797 2368 1107 2449 temperarenovato
1131 2359 1388 2457 supremoburg·

94 2461 216 2549 gravio,
238 2465 422 2553 assumpsit,
443 2485 642 2554 proponens,
670 2465 756 2555 quad
777 2474 843 2531 tam
865 2466 935 2551 has,
958 2462 1054 2554 quam
1076 2464 1157 2531 alias
1178 2486 1231 2530 res
1251 2485 1388 2551 regnum

94 2575 329 2635 concernentes
355 2556 614 2638 cum'consensu
634 2573 733 2637 totius
753 2572 847 2658 regni
868 2593 965 2658 agere
988 2580 1021 2636 et
1033 2558 1035 2563 ⁵
1048 2568 1241 2637 concludere
1263 2568 1390 2635 debeat·¹

93 2671 226 2738 Initium
257 2694 336 2740 vero
368 2696 428 2763 per
448 2674 629 2763 Pragenses
656 2672 784 2742 'factum
806 2675 867 2741 hoc
888 2674 1000 2741 modo:
1044 2675 1224 2763 Pragenses
1249 2671 1389 2760 quadam

95 2777 157 2862 die,
192 2785 227 2843 et
247 2778 392 2846 maxime
412 2782 570 2868 magister
587 2781 732 2847 loannes
754 2779 879 2846 Possek
901 2779 1017 2847 author
1032 2779 1134 2869 'hujus
1156 2778 1329 2873 primarius
1350 2777 1386 2842 in

94 2890 179 2947 statu
200 2882 301 2962 civili,
334 2887 525 2953 convocavit
546 2887 807 2953 communitatem
828 2888 863 2952 in
885 2887 1018 2970 curiam,
1045 2885 1108 2952 hae
1129 2884 1328 2968 confusione,
1351 2886 1389 2948 ut

95 2988 196 3075 prius,
229 2987 287 3054 ubi
307 2987 363 3056 ille
385 3012 459 3057 cum
480 2989 699 3079 Pragensibus
727 2992 813 3057 inter
835 2992 899 3058 aha
920 2991 961 3058 de
983 2991 1192 3081 compactatis
1214 3006 1388 3080 proposue-

95 3099 169 3156 runt
201 3099 235 3156 et
255 3112 368 3160 omnes
390 3094 434 3161 ad
455 3117 648 3164 consensum
670 3096 785 3163 horum
808 3096 868 3164 sub
893 3096 1033 3186 quodam
1054 3097 1128 3164 velo
1149 3101 1388 3186 persuaserunt.

96 3193 244 3263 Tandem
277 3198 312 3265 in
342 3208 418 3266 arce
449 3203 603 3288 magister
647 3200 772 3270 Passek
795 3203 927 3295 primus
963 3211 1041 3268 tunc
1071 3200 1185 3294 consul
1215 3200 1390 3288 Pragensis

98 3302 354 3391 correspondens
376 3326 450 3372 cum
473 3305 666 3394 quibusdam
688 3308 785 3374 sociis
808 3307 908 3373 durae
923 3306 1069 3391 cervicis,
1098 3329 1164 3372 non
1186 3304 1390 3394 exspectavit

97 3416 173 3474 vota
194 3409 409 3492 dominorum,
443 3433 505 3477 nee
528 3412 680 3501 equitum,
717 3435 824 3503 neque
845 3410 1043 3480 voluntatem
1065 3410 1200 3478 aliarum
1223 3411 1390 3476 civitatum

100 3513 244 3598 audiens,
279 3524 374 3601 prout
394 3516 476 3582 alias
508 3519 649 3607 antiquis
671 3517 872 3608 temporibus
893 3516 1001 3584 fiebat.
1045 3515 1112 3583 Sed
1144 3515 1321 3587 insinuavit
1354 3536 1390 3580 se

100 3615 167 3684 loco
190 3619 290 3684 totius
313 3623 551 3688 communitatis
572 3623 757 3711 Pragensis,
791 3613 876 3689 sicut
906 3630 1003 3687 antea
1034 3620 1121 3706 dixi3
1157 3641 1231 3685 cum
1253 3641 1296 3685 ex
1316 3638 1389 3707 pro·

100 3723 183 3792 fesso
205 3726 389 3813 Pragenses
411 3729 528 3796 multos
551 3731 639 3797 cives
673 3751 749 3795 suos
771 3728 814 3794 sd
836 3726 1098 3795 communitatem
1119 3746 1186 3791 non
1208 3723 1388 3790 advocave-

102 3830 172 3914 rint,
207 3829 284 3896 hinc
304 3831 397 3899 multi
418 3833 460 3899 de
481 3833 578 3900 rebus
603 3834 654 3900 his
675 3854 742 3899 non
763 3833 943 3917 sciverunt3
975 3833 1010 3897 in
1039 3831 1101 3898 hac
1123 3837 1231 3896 tamen
1253 3828 1390 3896 audacia

103 3931 225 4000 Possek
247 3935 372 4002 locutus
394 3937 464 4021 fuit,
486 3937 572 4027 quod
593 3938 636 4005 ad
658 3937 878 4004 confirmanda
899 3944 1100 4026 compactata
1127 3943 1194 4002 tota
1215 3933 1389 4002 communi-

102 4041 148 4104 tas
171 4037 344 4127 (quasdam
377 4048 502 4107 tantum
524 4063 679 4131 personas
717 4041 1010 4131 comprehendens)
1042 4040 1240 4109 voluntatem
1262 4046 1294 4105 et
1315 4060 1390 4105 con-

104 4165 233 4209 sensum
256 4166 349 4211 suum
370 4147 534 4235 praebeat.
557 4147 713 4235 Princeps
735 4168 813 4213 vero
836 4147 895 4214 sub
908 4146 1048 4234 quodam
1070 4146 1389 4235 occultopraetsxtu,

104 4250 193 4335 quasi
214 4248 379 4317 hominem
401 4274 467 4317 non
488 4261 648 4337 nosceret,
681 4257 740 4341 p'ro
763 4251 913 4317 confesso
935 4262 968 4319 ct
989 4253 1124 4341 pignore
1146 4251 1233 4318 buno
1255 4271 1389 4316 consen·

104 4374 170 4420 sum
209 4363 242 4421 et
263 4356 512 4424 insinuationem
545 4358 768 4444 Pragensium,
805 4355 848 4421 ad
878 4378 957 4444 quos
980 4357 1162 4445 sequendos
1183 4355 1264 4421 alios
1287 4363 1389 4423 status

103 4458 229 4527 induxit
252 4460 311 4528 sub
342 4465 450 4548 minis,
484 4465 668 4553 quicunque
689 4461 751 4546 his,
785 4469 896 4550 utpote
917 4460 1075 4527 voluntati
1096 4462 1207 4548 regiae
1229 4460 1389 4528 commedi-

108 4583 178 4632 cere
200 4570 468 4659 praesumpserit,
492 4569 579 4658 quod
601 4566 698 4634 talem
721 4564 898 4654 quemlibet
917 4564 960 4631 ad
991 4587 1103 4654 regem
1125 4565 1251 4633 deferre
1284 4573 1317 4633 et
1336 4587 1389 4633 ao·

107 4688 215 4739 casare
237 4672 328 4757 velit,
361 4683 488 4742 etcum
509 4674 568 4741 tali
596 4672 693 4741 modo
720 4671 837 4738 multos
870 4669 1015 4739 turbatos
1036 4670 1224 4757 reddiderit,
1256 4671 1388 4764 quidam

107 4773 261 4865 abierunt,
295 4776 427 4867 quidam
460 4791 537 4849 vero
569 4785 817 4870 perseverantes
849 4774 1074 4866 reclamarunt,
1107 4784 1243 4868 etpost
1270 4778 1387 4850 mulus
