2946 5086
159 176 223 259 180

156 362 231 421 runt
252 360 286 418 et
306 350 375 417 fers
395 351 431 417 iu
451 347 539 415 nullo
561 348 783 436 obediverunt,
805 350 984 419 secundum
1009 344 1160 439 duplices
1175 353 1332 441 ejusillis
1345 354 1445 429 literas

156 456 373 539 transmissas,
396 452 556 543 quomodo
569 475 605 519 se
615 464 766 547 respectu
787 455 916 523 illorum
927 455 1144 544 relegatorum
1165 479 1285 545 gerere
1307 457 1447 529 debeant

157 560 319 649 Illoergo
332 546 487 647 tempore,
511 579 584 624 cum
607 559 730 646 priores
752 569 785 626 et
795 561 992 647 posteriores
1001 560 1114 627 literas
1128 562 1239 648 regias
1260 562 1298 627 in
1322 560 1447 627 nibilum

158 667 331 750 venerim,
354 664 460 731 denuo
487 661 632 739 Juannes
655 663 787 732 Hlawsa
810 674 843 731 at
863 667 1018 753 magister
1039 665 1193 733 Brikcius
1205 668 1241 732 in
1251 665 1446 753 Hungarian

157 771 202 839 ad
234 793 344 858 regem
379 767 509 837 solliciti
539 768 747 856 scripserunt,
781 779 814 835 et
843 769 1013 859 cumillis
1047 770 1198 838 dominus
1231 771 1446 865 cancellarius,

159 875 309 955 dominus
340 872 485 941 Joannes
508 872 549 940 de
571 872 810 961 Wartemberg,
845 883 878 940 et
910 873 965 940 alii
1000 874 1041 940 de
1074 883 1169 969 statu¹
1182 877 1328 962 equestri
1349 876 1446 941 litere

160 978 359 1064 direxerunt,
393 978 434 1045 de
456 977 507 1043 his
531 986 563 1043 et
584 977 658 1044 aliis
680 980 780 1065 regiis
803 987 836 1044 et
857 979 949 1066 regni
971 976 1230 1046 necessitutibus.
1276 978 1357 1045 Post
1377 980 1447 1047 baec

159 1085 312 1174 princeps
334 1084 422 1149 viam
445 1080 529 1149 hane
552 1082 649 1147 etiam
670 1103 846 1170 aggressus
868 1082 938 1167 fuit,
960 1091 998 1148 ιιι
1018 1082 1099 1148 baec
1121 1085 1231 1149 omnia
1244 1084 1337 1171 apud
1347 1105 1447 1170 regem

159 1187 318 1278 impedire
340 1188 448 1275 possit.
464 1186 536 1253 loco
570 1187 619 1251 sui
655 1195 688 1252 et
707 1186 930 1275 Pragensium,
964 1187 1010 1253 ita
1031 1187 1173 1276 quidam,
1207 1197 1243 1253 ut
1265 1188 1364 1255 simul
1383 1211 1447 1255 cum

158 1292 429 1384 praecedentibus
451 1291 623 1357 nominatis
647 1290 731 1358 intra
752 1291 875 1379 aliquot
897 1291 1150 1379 septimanasin
1173 1291 1347 1380 Hungaria
1366 1315 1444 1382 prae

160 1419 236 1465 sens
257 1397 366 1464 fuerit.
388 1395 571 1484 Antequam
592 1415 671 1461 vero
693 1396 846 1483 princeps
869 1397 1148 1484 supervenisset,
1180 1395 1330 1465 turbatus
1351 1407 1443 1483 mente
1468 1424 1471 1433 ·

159 1501 221 1571 tuit
241 1511 274 1568 et
294 1500 422 1567 Budam
443 1521 546 1589 usque
579 1520 717 1587 pergere
739 1521 805 1566 non
827 1509 877 1565 est
897 1523 1005 1583 ausus,
1029 1503 1105 1587 quia
1124 1501 1458 1580 conscicntiaratione

159 1608 247 1694 regis
280 1605 402 1673 domini
424 1606 475 1670 sui
504 1603 585 1671 illud
617 1605 680 1669 iter
701 1604 871 1672 absolvere
893 1626 960 1671 non
980 1604 1183 1689 admittebat,
1207 1607 1286 1694 qnia
1307 1628 1368 1673 rex
1386 1626 1471 1696 ιιιιι

161 1713 233 1781 eine
245 1735 344 1780 causa
356 1733 549 1801 responsum
562 1709 605 1776 ad
616 1711 762 1799 ejusdem
776 1714 884 1780 varias
899 1712 1008 1779 literas
1020 1712 1144 1778 nullum
1159 1712 1298 1795 remisit,
1320 1711 1435 1798 ideoque
1454 1766 1464 1787 ,

161 1818 206 1885 uti
230 1816 345 1883 debuit
365 1817 546 1902 medicinis,
569 1817 604 1884 id
628 1826 678 1883 est
698 1817 771 1901 viis,
803 1839 824 1882 a
845 1818 944 1883 variis
966 1816 1111 1900 medicis,
1135 1815 1270 1882 tandem
1292 1815 1334 1881 ab
1355 1814 1435 1881 archi·

162 1923 314 2011 episcopo
340 1920 586 2009 Ostrogomensi
608 1920 765 1987 auxilium
790 1942 931 2000 sumens,
955 1921 1009 1988 via
1031 1943 1089 2008 per
1109 1918 1204 1986 illum
1224 1919 1313 1987 facta
1333 1917 1434 1985 Budas

161 2025 205 2093 ad
225 2048 336 2114 regem
359 2026 500 2093 devenit.
545 2025 676 2092 Interea
708 2025 892 2092 informatio
921 2025 1030 2112 Praga
1064 2023 1106 2090 ab
1129 2025 1290 2097 uxoribus
1311 2025 1347 2090 in
1368 2023 1471 2118 idun·¹

162 2131 286 2218 geriem
309 2130 352 2197 ad
373 2152 484 2218 regem
507 2130 638 2197 devenit
652 2131 817 2197 deearum
838 2129 1047 2218 relegatione,
1070 2151 1146 2213 nam
1161 2125 1435 2218 elapso'edictionis
1461 2199 1466 2206 ,

163 2237 301 2303 termino
324 2235 508 2323 Pragenses
530 2236 637 2302 adhuc
665 2235 764 2303 alium
795 2237 966 2302 terminum
996 2235 1038 2301 ad
1069 2235 1188 2301 festum
1217 2231 1471 2329 PuriticutionirH

163 2350 403 2424 concesserunt,
427 2350 594 2429 sperantes
609 2340 824 2427 Pragensesa
834 2341 983 2429 principe
999 2360 1057 2405 suo
1079 2342 1290 2427 procuratore
1313 2361 1355 2406 ex
1368 2336 1471 2434 Hau-⁵·

163 2445 255 2531 garia
275 2444 406 2513 novalia
428 2445 590 2529 solatiosa,
621 2445 806 2512 hominibus
840 2466 918 2511 vero
939 2444 1169 2515 innocentibus
1190 2444 1350 2511 luctuosa
1389 2390 1471 2539 8st

160 2548 235 2617 Deo
246 2548 439 2638 disponente
461 2557 493 2616 et
514 2549 672 2615 bonorum
695 2548 861 2615 hominum
882 2547 1042 2614 industria
1069 2549 1178 2615 omnia
1202 2548 1272 2615 illis
1292 2518 1471 2641 moeno}

162 2652 309 2741 fuerant,
331 2677 392 2743 rex
413 2655 500 2721 enim
524 2656 632 2721 statim
653 2655 749 2721 tertia
770 2653 842 2721 vice
865 2654 976 2719 literas
1004 2652 1244 2742 Pragensibus,
1269 2652 1391 2729 senatui
1417 2656 1471 2725 ιι,

164 2705 348 2837 semoribus
371 2760 610 2825 communitatis
633 2760 742 2842 misit,
765 2758 816 2824 his
837 2757 968 2825 verbis·

369 2863 565 2948 Ludovious,
587 2863 653 2930 Dei
672 2865 780 2950 gratia
802 2873 862 2929 etc.

249 2965 404 3060 Honesti,
435 2968 566 3053 fideles,
599 2967 719 3035 dilecti
752 2967 879 3033 Literas
912 2965 1006 3034 vobis
1035 2975 1111 3033 ante
1132 2962 1295 3055 quaedam
1316 2975 1471 3053 tempure

165 3075 341 3158 praeterita
362 3076 489 3141 mittere
511 3073 636 3162 dignati
657 3073 788 3156 fuimus,
821 3071 906 3160 quod
928 3073 1044 3137 attinet
1064 3093 1220 3159 personas
1255 3080 1291 3137 et
1314 3068 1441 3139 subditos

78 3185 83 3195 “
165 3184 319 3263 nostros,
325 3181 381 3267 qui
404 3202 447 3246 ex
467 3180 618 3246 mandato
640 3188 750 3244 nostro
773 3177 815 3244 de
838 3178 970 3243 civitate
993 3175 1152 3264 Pragensi
1172 3168 1359 3260 exiverunt,
1379 3175 1441 3240 item

166 3283 253 3371 qnod
274 3286 442 3350 concernit
462 3306 627 3372 personas,
661 3305 742 3370 quas
764 3282 806 3348 de
828 3283 960 3348 civitate
990 3282 1081 3348 exire
1111 3290 1144 3347 et
1163 3278 1252 3348 bona
1275 3301 1384 3348 eorum
1403 3275 1442 3340 di-

166 3386 310 3454 vendere
338 3389 496 3477 jussistis,
530 3387 616 3476 quod
638 3408 757 3474 nempe
778 3385 864 3451 velle
885 3385 1110 3472 dignaremur,
1145 3394 1181 3451 ut
1202 3386 1293 3452 bona
1315 3407 1373 3452 sua
1390 3372 1471 3447 ιοιῖ

167 3490 354 3575 divendant,
378 3491 436 3558 sed
458 3512 559 3582 penos
582 3491 639 3559 illa
654 3490 988 3578 liberepermaneant,
1011 3486 1444 3579 atilla‘possideanrumdiu,
1469 3574 1471 3579 Α

167 3595 272 3663 donec
294 3597 375 3663 haec
396 3606 463 3663 tota
485 3595 644 3663 dissensio
674 3595 728 3662 vel
762 3595 996 3683 compositione
1029 3595 1192 3663 amicabili
1227 3606 1286 3664 aut
1300 3598 1388 3687 justo
1403 3594 1471 3687 ju}

167 3701 253 3769 dicio
274 3701 374 3769 finem
394 3723 488 3767 suum
510 3700 717 3786 adipiscatur,
739 3706 834 3788 prout
849 3699 962 3766 literae
978 3708 1108 3777 nostrae
1129 3699 1336 3769 haecomnia
1355 3700 1443 3767 fain

168 3804 334 3875 continent
366 3814 399 3873 et
420 3805 596 3873 declarant.
640 3804 794 3871 Delatum
815 3815 924 3872 autem
944 3805 988 3871 ad
1009 3827 1068 3871 nos
1090 3805 1160 3890 suit,
1183 3806 1275 3897 quod
1295 3828 1358 3874 nec
1376 3801 1444 3870 ute

168 3920 299 3978 ιιιιιιιι
321 3911 438 3979 advos
460 3912 670 3978 transmissae
702 3910 817 3977 literae
849 3920 882 3976 et
903 3909 1100 3994 mandatum,
1122 3932 1229 4001 neque
1253 3911 1364 3979 salvus
1382 3928 1471 3977 uon·

175 4016 303 4103 ductus,
337 4039 433 4109 quem
463 4017 582 4085 talibus
614 4015 808 4106 quibusdam
837 4017 987 4105 personis
1020 4024 1053 4082 et
1074 4014 1213 4083 subditis
1234 4019 1359 4085 nostris
1377 4013 1468 4097 dart

169 4123 295 4212 dignati
317 4122 445 4231 fuimus,
468 4122 555 4212 apud
576 4145 636 4190 vos
658 4120 782 4211 aliquid
805 4121 1017 4216 effecerintf
1007 4141 1073 4186 rmu
1094 4142 1157 4187 nec
1178 4123 1369 4190 aestimatae
1387 4108 1471 4185 ιιι.
1453 4186 1471 4235 Q

168 4229 245 4315 rint,
268 4221 344 4319 q'uia
365 4228 407 4294 ad
419 4229 483 4296 hcc
504 4250 607 4318 usque
628 4237 755 4318 tempus
777 4226 820 4293 ad
842 4248 900 4294 sua
921 4224 1094 4292 bonoillae
1114 4244 1279 4315 personae
1298 4226 1456 4297 admissu

168 4354 235 4427 non
257 4334 396 4419 fuerunt,
431 4356 494 4402 nec
526 4343 636 4411 nostro
666 4332 817 4399 mandato
847 4339 880 4398 et
909 4330 1000 4397 salvo
1021 4329 1184 4399 conductu
1206 4331 1373 4422 bucusque
1391 4292 1471 4448 ιιιξ

168 4422 312 4530 possunt
354 4438 425 4507 Imo
457 4437 622 4506 informati
657 4438 786 4522 fuimus,
822 4436 908 4527 quod
937 4457 1024 4502 nunc
1060 4436 1158 4501 etiam
1195 4436 1355 4525 quasdam
1385 4452 1432 4501 ιιι

170 4544 267 4641 lieres
301 4554 334 4611 et
368 4543 500 4627 muium
521 4565 656 4633 uxores,
687 4542 743 4633 qui
764 4564 784 4608 a
804 4541 899 4609 vobis
933 4542 1023 4608 exire
1040 4532 1126 4629 jussi
1148 4551 1236 4626 suut,
1267 4564 1312 4613 ex
1331 4502 1471 4667 civiate}

170 4659 283 4718 uestra
321 4647 480 4737 Pragensi
519 4649 605 4731 intra
644 4659 768 4717 certum
803 4646 957 4767 temporis
991 4646 1164 4713 terminum
1202 4649 1298 4717 exire
1325 4649 1433 4739 jussor·
1452 4688 1466 4768 3

164 4754 218 4849 tia,
256 4749 471 4849 edessan
482 4762 628 4852 ιιιιιιι
647 4760 693 4845 a.
713 4749 943 4847 ιιιιιι
933 4772 970 4841 ¹⁸.
990 4748 1042 4843 tt·
1075 4751 1216 4847 mmet
1246 4724 1471 4877 ιιιιιιιιιιῖ1
