2902 5086
1175 89 1180 102 '
1293 82 1357 176 101

65 274 168 361 'lg‘ue
180 280 388 365 intenderint,
402 279 456 347 vel
468 280 541 369 quis
556 301 611 348 eos
627 287 660 353 et
668 258 883 368 'conha'quos
906 274 1108 376 conduxerit
1130 270 1252 345 Verum
1272 276 1355 346 baec

10 372 45 425 ²²
76 388 174 455 onnia
194 388 228 452 in
250 397 377 475 partem
399 385 570 453 adversam
602 387 779 474 reprimere
824 394 855 450 et
875 384 953 453 huic
986 385 1148 470 imputare
1169 383 1351 464 voluerunt,

20 482 25 577 J
75 484 253 556 1111111101
276 490 359 555 nihil
382 480 489 565 simile
519 492 561 557 dc
582 489 647 556 illis
670 510 730 579 per
751 498 852 555 totum
875 497 1013 576 tempus,
1035 509 1097 553 nec
1109 485 1151 552 ab
1163 509 1228 552 uno
1246 480 1348 554 milito

75 610 132 659 1110
149 595 214 661 ullo
237 596 279 661 de
302 597 437 682 captivis
461 605 516 660 aut
537 595 610 661 aliis
633 595 770 678 civibus,
805 617 886 682 quos
909 592 951 658 ad
973 591 1139 658 fatendum
1156 591 1353 680 persuadere

16 762 23 769 .
80 698 273 785 conabantur,
308 724 369 767 nec
390 723 450 788 per
480 708 630 783 torturas,
666 722 728 765 nec
750 721 809 787 per
831 698 1052 763 confessiones
1074 719 1095 762 a
1117 695 1349 782 sacerdotibus,

79 800 123 867 rel
151 825 344 892 quocunque
366 805 429 871 alio
462 803 558 870 modo
592 804 716 892 aliquid
748 804 869 868 rescire
900 810 1082 890 potuemmt.
1136 800 1352 868 Nihilominus

54 894 172 972 ‘nmen
193 930 259 973 non
282 909 399 997 puduit
417 910 491 977 illos
523 909 605 974 haee
643 917 675 973 et
696 908 774 975 talia
795 908 904 987 omnia
926 906 1098 990 affirmare,
1132 905 1218 994 quod
1242 915 1355 994 aperta

69 1008 157 1075 inse
176 1013 249 1099 ipso
271 1011 392 1079 1111111-
409 1013 477 1097 1111,
503 1023 534 1079 01
555 1035 638 1101 quae
661 1013 746 1079 falsa
768 1012 908 1097 fuerunt,
940 1020 973 1078 et
996 1030 1057 1077 nec
1080 1011 1247 1075 minimam
1269 1011 1354 1077 veri·

79 1115 140 1178 tatis
162 1119 304 1203 speeiem
326 1116 516 1185 habuerunt
561 1117 703 1204 Ideoque
725 1115 799 1194 tale,
821 1125 857 1180 ut
888 1116 936 1182 illi
970 1115 1090 1198 dicunt,
1119 1113 1281 1202 judicium
1300 1112 1357 1181 vel

78 1217 228 1305 audientia
250 1223 392 1286 maxime
418 1219 587 1308 {admirari
619 1226 755 1308 oportet,
793 1220 881 1306 quali
903 1219 978 1285 ‘hoc
1014 1219 1128 1286 ordine
1162 1225 1219 1284 aut
1246 1218 1355 1306 potius

80 1323 257 1391 confusione
290 1328 494 1414 processerit,
530 1327 600 1390 sine
632 1325 818 1413 praesentia
849 1333 1068 1412 utrorumque,
1103 1323 1180 1412 quia
1212 1322 1356 1389 accusati

78 1424 202 1512 fuerunt,
238 1431 295 1496 ubi
318 1453 378 1496 nec
395 1431 542 1516 judicem
576 1453 638 1496 neo
659 1439 813 1510 actorem,
848 1451 954 1517 neque
976 1438 1092 1496 testem
1113 1429 1148 1493 in
1169 1427 1354 1516 praesentia

80 1536 226 1620 viderunt,
251 1537 346 1624 quale
368 1536 430 1602 hoc
453 1558 525 1601 esse
547 1535 660 1602 debuit
675 1535 862 1624 judicium?
907 1533 960 1601 Ad
981 1535 1084 1599 risum·
1103 1532 1166 1598 hoc
1189 1540 1255 1617 est3
1288 1531 1369 1599 imo‘

79 1662 133 1706 non
162 1640 277 1729 puduit
309 1642 490 1728 Pragenses
523 1651 644 1730 petere,
679 1651 713 1707 ut
734 1642 782 1707 illi
812 1640 1001 1729 judicentur
1034 1637 1082 1704 ibi
1114 1646 1147 1703 et
1180 1637 1353 1721 fateantur,

80 1766 148 1832 quae
166 1758 333 1833 nunquam
354 1747 439 1812 iacta
461 1754 544 1830 sunt,
577 1746 634 1812 ubi
666 1755 774 1812 111101
795 1748 947 1835 princeps
968 1746 1040 1833 ipse
1062 1741 1283 1821 attestabatur,
1318 1761 1354 1807 se

78 1869 132 1915 non
151 1848 270 1915 habere
291 1849 487 1931 mandatum,
517 1858 553 1916 ut
575 1849 798 1916 dissensiones
816 1850 874 1915 has
897 1847 1065 1938 dijudicet,
1100 1845 1158 1912 scd
1180 1846 1354 1930 solum,ut
1427 1922 1435 1933 ,

77 1952 137 2019 illas
151 1953 317 2020 exaudiat.
360 1955 405 2020 Ilt
425 1954 503 2021 licet
534 1955 629 2020 etiam
661 1956 895 2021 incarceratis
925 1950 1145 2040 Pragensibus
1176 1952 1211 2017 in
1233 1951 1354 2039 scripto

79 2048 201 2148 principi
222 2068 371 2147 porrecto
394 2058 494 2124 delati
515 2059 655 2144 fuerint,
667 2060 753 2147 quod
775 2062 809 2125 in
831 2057 980 2126 omnibus
1002 2057 1146 2125 consiliis
1165 2056 1372 2123 decontra·

80 2162 213 2247 dixerint,
250 2164 343 2248 quasi
365 2162 439 2228 illos
474 2165 508 2228 in
541 2162 689 2229 omnibus
719 2163 923 2251 impedirent,
956 2180 1009 2228 res
1042 2171 1150 2228 tamen
1186 2170 1236 2226 est
1264 2166 1352 2244 nota,

80 2267 150 2352 quod
169 2268 202 2332 in
225 2267 376 2333 omnibus
398 2266 542 2333 consiliis
565 2277 597 2331 et
619 2265 785 2332 senatibus
820 2264 950 2353 quidam
989 2287 1025 2329 se
1047 2285 1210 2354 opponere
1233 2273 1355 2331 01001-

81 2373 193 2437 1111111
226 2373 418 2438 sententiam
453 2371 591 2438 subinde
623 2381 734 2436 tenere
768 2369 918 2452 debeant,
960 2371 1152 2458 praesertim
1185 2370 1219 2434 in
1252 2368 1350 2436 rebus
1420 2446 1426 2452 Ι

80 2474 274 2558 panormus,
310 2485 342 2541 et
374 2497 457 2562 quae
490 2477 622 2563 majoris
653 2475 808 2540 momenti
842 2482 925 2558 sunt,
961 2474 1046 2539 sicut
1068 2474 1165 2538 etiam
1187 2472 1242 2539 hic
1268 2474 1373 2539 11111·Ι

79 2577 151 2663 ipses
173 2602 210 2645 eo
233 2580 388 2646 devenire
410 2581 531 2646 debuit.
576 2579 772 2671 llludrenim
794 2578 858 2645 illis
880 2579 1079 2668 temporibus
1101 2577 1295 2644 audiebatur
1310 2577 1353 2645 ab

78 2679 245 2751 hominibus
277 2683 342 2749 fide
376 2683 494 2770 dignis,
530 2684 626 2749 simul
656 2683 869 2767 senatoribus,
912 2683 999 2772 quod
1033 2684 1162 2771 saepius
1195 2683 1350 2772 magister

76 2785 184 2860 Passek
215 2790 337 2876 primas
373 2806 446 2854 cum
481 2790 547 2854 suis
570 2786 821 2855 adhaerentibus
843 2810 946 2876 nugas
969 2797 1002 2854 01
1026 2787 1160 2856 fabulas.
1177 2785 1353 2855 muliebres

74 2892 102 2955 in
120 2895 245 2979 curiam·
261 2893 304 2958 ad
326 2902 474 2960 senatum
496 2893 649 2977 intulerit,
674 2894 797 2978 dicens,
818 2894 905 2959 hunc
927 2893 981 2962 vel
1002 2893 1094 2960 illum
1115 2892 1197 2961 haec
1212 2893 1353 2961 locutum
1417 2888 1423 2897 ’

72 2996 171 3080 fuisse,
194 3006 249 3063 aut
271 3000 413 3063 convitia
435 3007 547 3064 contra
558 3001 778 3087 aspersionem
801 3021 904 3087 aquae
926 3008 1106 3087 autcontra
1122 3014 1364 3087 campanarum

68 3102 198 3188 pulsum,
226 3110 259 3166 11
280 3102 344 3168 1111
367 3104 485 3170 similia
506 3103 690 3191 protulisse,
712 3105 826 3170 volens
850 3103 968 3169 similia
981 3104 1203 3170 communitati
1224 3102 1352 3169 deferre

68 3220 95 3274 et
115 3209 286 3289 tumultum
309 3209 479 3291 concitare,
513 3229 552 3272 ac
585 3206 762 3294 quemlibet
792 3208 892 3273 talem
924 3208 994 3272 sine
1022 3207 1156 3295 praevia
1187 3214 1219 3271 01
1241 3204 1352 3273 debita

63 3315 224 3381 auditione
240 3322 273 3379 et
287 3314 476 3401 probatione
488 3313 707 3399 supprimere,
730 3310 787 3378 ubi
801 3311 858 3376 alii
869 3311 1075 3377 recordantes
1093 3310 1368 3399 juramentorum

62 3441 199 3500 suorum,
222 3418 272 3482 his
285 3420 412 3505 sejuste
435 3426 664 3504 opposuerunt,
688 3428 854 3505 quousque
876 3437 929 3480 res
951 3415 1008 3481 illa
1030 3415 1073 3481 ad
1099 3414 1274 3504 judicium,
1295 3435 1351 3480 au·

61 3524 217 3594 dientiam
244 3533 284 3586 ‘et
316 3523 554 3588 accusationem
588 3543 654 3586 non
687 3521 882 3604 devenisset,
921 3527 953 3585 11
987 3521 1015 3585 11
1047 3520 1129 3587 tales
1150 3542 1203 3586 res
1229 3518 1348 3585 deinde

58 3627 210 3713 legaliter
232 3624 359 3691 delatae
380 3648 445 3690 non
466 3624 604 3709 fuerunt,
628 3627 736 3691 omnia
758 3625 875 3690 similia
897 3623 1126 3712 improbabilia
1148 3633 1181 3691 et
1200 3623 1351 3691 fabulosa

57 3741 92 3797 ut
113 3731 222 3796 fumus
246 3731 435 3796 transibant.
486 3729 551 3796 Sed
573 3730 700 3796 veritati
724 3732 820 3797 etiam
843 3754 886 3796 ex
906 3730 1150 3818 partequadam
1170 3714 1350 3796 cedendum

58 3848 117 3918 est,
143 3844 176 3900 et
199 3835 304 3899 eidem
327 3834 417 3899 locus
441 3834 512 3900 dari
529 3834 635 3918 debet,
658 3837 745 3920 quod
767 3857 884 3924 nempe
907 3835 1037 3923 quidam
1059 3834 1184 3922 Pragac
1205 3820 1348 3901 invenie·

59 3932 462 4024 1111111,’(]1111(110111,
495 3949 760 4028 praesumptuose
783 3950 815 4006 ct
835 3942 1009 4006 temerarie
1040 3939 1081 4006 de
1103 3938 1201 4005 robus
1223 3937 1351 4004 divinis

60 4046 193 4133 saepius
216 4043 314 4110 locuti
336 4043 475 4127 fuerunt,
508 4043 738 4110 contendentes
761 4046 796 4109 11
817 4045 943 4132 plateis,
976 4046 1010 4110 in
1031 4044 1109 4128 foro,
1133 4045 1167 4110 in
1189 4043 1342 4128 tabernis,

56 4148 207 4215 domibus
241 4148 469 4236 epocillatoriis
506 4148 617 4234 lingua
651 4149 792 4232 effraeni,
831 4150 886 4237 qui
918 4172 1035 4238 nempe
1064 4149 1137 4216 talis
1166 4142 1341 4236 perversae

57 4256 145 4320 vitae
168 4254 306 4329 fuerunt,
342 4263 374 4317 et
406 4253 605 4319 honestatem
627 4276 692 4318 non
714 4262 862 4319 amarunt
894 4275 955 4319 nec
982 4253 1201 4336 aestimarunt,
1225 4272 1370 4320 nomon

56 4359 194 4449 Domini
216 4357 251 4421 in
274 4362 394 4423 vanum
417 4357 566 4424 absurdis
588 4357 735 4424 faucibus
757 4367 967 4442 assumentes,
990 4356 1034 4424 ob'
1053 4380 1149 4445 quam
1170 4379 1338 4446 rcmpro·

54 4464 165 4529 meriti
187 4463 319 4528 omnino
343 4461 480 4546 fuerant,
502 4471 538 4527 ut
560 4464 671 4529 stricte
694 4473 726 4530 et
748 4486 860 4532 severe
890 4465 1072 4552 puniantur.
1118 4461 1245 4530 Similia
1266 4485 1343 4551 ergo
1367 4472 1370 4477 “

55 4567 133 4634 dum
166 4566 294 4632 Passek
323 4574 356 4632 et
386 4566 443 4632 alii
464 4576 606 4634 rectores
628 4567 1099 4657 relinquentes'praeteribant,
1122 4576 1190 4635 tum
1211 4568 1340 4657 saepius

53 4672 174 4740 exinde
205 4679 336 4739 coortas
367 4670 470 4757 rixae,
486 4670 548 4769 ¹sd
573 4675 814 4757 ζ111101111101111
834 4696 950 4766 usque,
980 4683 1021 4744 ut
1037 4668 1195 4743 10111101
1213 4663 1371 4759 quodam
