2946 5086
99 156 164 225 272

100 328 193 407 latur,
216 330 249 388 et
269 326 305 386 nt
326 317 415 385 illam
438 311 677 402 suspectionem
699 311 747 400 (in
770 336 836 401 qua
857 313 909 382 bis
932 323 1132 410 temporibus
1155 349 1177 393 a
1197 331 1315 401 multis
1335 336 1386 404 vel

99 431 242 499 maxime
263 424 386 492 detenti
406 421 545 502 fuerunt,
567 438 686 505 nempe
708 415 785 484 dum
815 442 875 508 pro
896 420 1081 494 Piokhartis
1104 430 1209 500 babiti
1234 441 1325 530 sunt)
1347 444 1385 511 ab

100 533 251 606 omnibus
273 531 420 598 auferant
442 522 537 590 etad
559 523 746 589 ulteriorem
758 525 920 592 actionem
941 526 1121 601 faciliorem
1144 547 1177 602 et
1199 539 1385 615 liberiorem

100 661 268 711 aceessum
288 633 441 714 habeant,
465 627 651 695 obtulerunt
674 650 720 712 se,
744 628 831 717 quod
852 632 957 699 velint
986 634 1160 709 adomnia
1182 653 1316 736 agenda
1336 655 1385 725 hie

101 759 134 817 et
155 738 453 830 alibi'comparere,
477 734 717 801 consentientes
739 732 781 799 ad
804 733 885 801 baec
907 738 1173 818 exinstructione
1196 766 1232 824 et
1254 765 1385 834 consilio

100 856 278 922 amicerum
301 865 441 912 suorum.
486 837 633 904 Tandem
654 835 721 903 illis
744 839 910 905 nominata
938 841 999 909 fuit
1030 845 1111 935 dies,
1149 880 1215 944 qua
1236 866 1272 932 in
1295 871 1383 939 colle.

101 963 155 1048 gio
179 974 296 1041 magno
319 967 509 1036 comparere
531 940 682 1025 debeant,
722 951 755 1008 et
776 952 953 1033 postquam
970 946 1093 1020 ibidem
1116 973 1383 1056 comparuissent,

101 1059 311 1150 singulariter
331 1075 415 1119 unus
437 1058 511 1139 post
532 1047 670 1113 alterum
694 1045 858 1112 admissus
880 1049 949 1133 fuit,
974 1061 1007 1118 et
1018 1063 1228 1144 quaestiones
1240 1072 1307 1141 illis
1319 1103 1383 1167 pro.

99 1169 225 1257 positae
247 1161 377 1229 fuerunt
399 1179 443 1222 ex
463 1152 637 1220 duodecim
658 1149 735 1216 fidei
758 1150 955 1221 christianae
987 1164 1143 1253 articulis,
1190 1179 1327 1249 tandem
1348 1187 1382 1254 de

101 1276 302 1342 sacramento
326 1262 471 1351 corporis
494 1268 526 1325 et
548 1255 726 1342 sanguinis,
760 1257 924 1343 quomodo
947 1261 988 1328 de
1009 1264 1061 1332 bis
1084 1274 1233 1364 credant,
1257 1290 1382 1359 tandem

100 1384 141 1450 de
163 1373 358 1469 quibusdam
380 1366 454 1434 aliis
476 1362 610 1430 minoris
633 1361 867 1430 aestimationis
900 1368 997 1436 rebus
1032 1376 1227 1469 interrogati
1260 1391 1382 1464 fuerunt

100 1490 170 1553 sine
192 1483 280 1551 omni
301 1470 536 1545 contumeliosa
557 1474 592 1532 et
612 1465 678 1532 levi
699 1464 781 1531 alias
814 1470 933 1538 usitata
961 1483 1163 1552 correctione
1189 1499 1223 1556 et
1243 1495 1320 1564 aliia
1340 1524 1381 1566 re·

99 1593 160 1659 bus
182 1587 260 1654 addi
283 1582 397 1650 solitis.
440 1575 494 1641 1111
514 1592 592 1639 vero
615 1568 657 1636 ad
680 1573 788 1636 omniu
811 1573 922 1643 debite
944 1585 1196 1677 responderunt,
1225 1599 1299 1667 sine
1320 1608 1380 1670 ven·

7 1747 8 1751 ,
98 1688 301 1763 fundamenti
323 1703 477 1765 excessu3
502 1699 586 1768 quae
608 1697 767 1764 responsa
787 1677 917 1747 illorum
939 1707 1000 1752 nec
1023 1690 1308 1773 administratores
1329 1733 1381 1776 nec

100 1800 157 1867 alii
179 1793 364 1864 sacerdotes
387 1788 429 1855 ad
455 1785 538 1852 baec
560 1783 668 1849 vocati
684 1781 776 1869 juste
792 1785 985 1873 vituperare,
1008 1815 1070 1861 nec
1091 1821 1150 1885 pro
1176 1824 1291 1876 errore
1314 1836 1380 1902 quo.

100 1905 175 1971 dam
196 1902 367 1970 aestimare
388 1896 573 1982 potuertmt,
609 1885 667 1953 sed
690 1889 799 1953 omnia
831 1895 1006 1980 tranquille
1028 1899 1070 1968 ab
1093 1907 1140 1972 eis
1164 1900 1380 2003 susceperunt.

99 2008 185 2076 Nota
205 2005 379 2093 diligenter
401 1997 498 2079 dictu,
522 2012 605 2100 quac
626 1990 809 2077 Pragenses
833 1996 982 2066 exulibus
993 2024 1237 2094 proposuerunt
1258 2022 1296 2089 in
1317 2044 1379 2090 cau·

103 2113 158 2196 sis,
195 2131 295 2199 quare
317 2105 451 2174 exulare
474 2109 570 2167 etex
592 2099 724 2165 civitate
746 2099 863 2169 abesse
885 2101 1065 2176 debuerint
1110 2114 1254 2198 Quando
1276 2128 1378 2215 plebe·

93 2216 151 2304 jus
172 2213 268 2280 bomo
293 2202 424 2276 humilis
446 2213 581 2271 naturae
602 2201 726 2290 aliquid
748 2202 886 2271 subinde
908 2209 988 2274 risui
1011 2213 1117 2284 simile
1139 2227 1278 2314 profert,
1303 2234 1377 2322 quod

98 2318 180 2385 nulli
202 2319 251 2383 rei
272 2312 486 2382 aestimatiori
509 2307 669 2396 applicari
691 2314 806 2395 potest,
850 2309 886 2376 id
908 2315 1046 2404 populus
1076 2345 1143 2392 non
1173 2329 1222 2396 ita
1245 2339 1378 2421 graviter

96 2421 170 2505 fert,
195 2420 308 2488 sedin
326 2419 439 2507 jocum
462 2413 639 2496 convertit;
662 2413 791 2478 sivero
814 2415 918 2482 simile
940 2419 1064 2509 aliquid
1086 2434 1273 2505 committat
1293 2441 1377 2510 borno
1414 2476 1416 2505 :

96 2526 240 2617 prudens
263 2535 296 2591 et
317 2524 457 2612 sapiens,
501 2518 694 2608 praesertim
726 2517 761 2582 in
792 2517 866 2585 loco
899 2526 1121 2617 aestimatiori,
1150 2538 1226 2626 jam
1248 2547 1376 2636 populu„

96 2633 202 2717 magis
225 2626 457 2709 considerabit,
479 2621 672 2690 admirando
696 2620 863 2689 levitatem
884 2627 973 2714 ejus3
998 2630 1140 2724 ideoque
1164 2643 1265 2712 etiam
1286 2651 1376 2716 admi.

97 2732 234 2801 'randum
258 2741 317 2816 est,
340 2728 426 2819 quod
448 2727 527 2794 talia
549 2726 636 2792 dicta
659 2724 782 2791 eisdem
804 2733 1042 2820 proposuerint,
1079 2749 1112 2806 et
1134 2766 1254 2818 causas
1277 2755 1376 2823 defleti

96 2839 162 2906 illis
183 2840 289 2928 primo
310 2844 386 2926 post
408 2833 565 2922 mandem
586 2852 726 2917 poenam
740 2833 997 2925 insinuaverint3
1021 2841 1078 2909 ubi
1100 2854 1213 2920 tamen
1237 2842 1294 2924 illo
1308 2869 1375 2927 tem·

97 2964 186 3033 pore,
210 2939 339 3031 quando
363 2938 495 3005 exulare
511 2937 598 3026 jussi
622 2938 766 3023 fuerunt,
785 2941 982 3029 petiverunt,
997 2967 1058 3033 per
1079 2947 1190 3024 Deum
1213 2963 1367 3033 obgecm

96 3057 157 3133 tes,
178 3057 214 3114 ut
236 3049 284 3114 eis
306 3054 476 3114 aecusator
498 3052 530 3110 et
551 3044 643 3109 testis
667 3044 871 3131 exhibeatur,
895 3052 981 3139 quod
1003 3053 1153 3127 lubentes
1179 3066 1318 3136 cuilibet
1335 3092 1374 3136 re·
1414 3062 1416 3097 ³

96 3153 256 3243 spondere
279 3160 311 3218 et
333 3173 368 3216 se
390 3147 567 3216 defendere
588 3149 700 3234 velint,
724 3150 812 3238 quod
833 3161 941 3220 tamen
955 3157 1102 3229 obtinere
1113 3187 1182 3232 non
1196 3181 1372 3258 potuerunt,

97 3257 156 3324 sed
177 3254 376 3346 respondere
399 3253 464 3321 illis
488 3251 645 3338 solebant,
690 3253 777 3342 quod
810 3255 892 3324 baec
927 3269 960 3329 et
981 3263 1046 3331 alia
1067 3269 1192 3355 optime
1215 3275 1283 3342 illis
1305 3288 1371 3346 nuta
1414 3266 1416 3317 Ι

97 3362 171 3448 sint,
195 3371 328 3451 etopus
350 3382 416 3428 non
438 3381 511 3426 esse
533 3358 679 3426 ulteriori
701 3358 946 3450 disceptatione,
971 3366 1029 3433 sed
1050 3379 1086 3437 ut
1097 3373 1144 3440 ita
1156 3389 1272 3465 agant,
1295 3391 1377 3471 prout

96 3467 163 3534 illis
185 3467 365 3534 mandatur.
407 3464 477 3531 Imo
501 3486 562 3551 ego
587 3463 647 3530 sub
671 3464 739 3530 sole
771 3466 834 3532 tale
851 3469 909 3557 jus
944 3479 977 3536 et
993 3472 1156 3558 judicium
1179 3482 1312 3573 ignoro,
1331 3487 1377 3554 ubi

96 3580 172 3661 post
194 3572 346 3638 toleratas
377 3574 482 3659 primo
520 3591 637 3656 graves
669 3592 802 3658 poenas,
847 3574 918 3641 sine
941 3574 1052 3644 debito
1083 3590 1116 3647 et
1132 3583 1228 3670 justo
1263 3590 1377 3679 judicio

98 3684 131 3742 et
152 3674 327 3760 auditione,
350 3696 467 3743 causae
491 3682 524 3740 et
544 3672 660 3762 culpae
682 3674 841 3743 insinuari
854 3685 887 3743 et
900 3677 1074 3768 dijudicari
1096 3685 1273 3782 deberent,
1297 3697 1378 3787 quasi

96 3804 151 3848 res
175 3783 247 3871 jam
284 3789 360 3846 ante
387 3801 528 3869 poenam
558 3777 739 3868 dijudicata
770 3777 894 3847 fuisset
938 3783 1012 3852 Hae
1048 3809 1127 3856 vero
1163 3815 1283 3867 omnes
1315 3824 1377 3868 can·

98 3909 154 3954 sae
177 3884 354 3977 quemlibet
376 3904 474 3952 sanae
495 3883 631 3950 rationis
653 3883 819 3950 bominem
849 3887 1028 3956 adrerum
1056 3893 1161 3962 risum
1194 3924 1377 3989 permovere

97 4001 249 4083 possunt;
295 4014 371 4058 nam
407 3990 513 4079 magis
546 3989 651 4075 fictae,
697 4014 795 4082 quam
823 4014 921 4060 verae
947 3994 1087 4064 fuerunt.
1130 4000 1335 4099 Exemplum
1352 4018 1378 4076 et

97 4105 325 4185 argumentum
370 4095 485 4162 saltem
529 4118 629 4162 unum
673 4096 821 4166 referam.
876 4099 965 4182 Quid
1009 4103 1098 4168 enim
1142 4122 1376 4200 proposuerunt

98 4204 240 4294 Georgio
262 4229 283 4273 a
303 4205 413 4272 media
433 4213 505 4271 rota
524 4212 659 4293 propter
672 4226 809 4272 uxorem
822 4206 914 4295 ejus?
937 4207 1071 4276 devenit
1094 4210 1198 4297 igitur
1222 4219 1268 4287 ad
1288 4220 1374 4288 hasa:

97 4311 184 4400 quod
205 4333 289 4379 uxor
310 4310 507 4401 peccaverit,
531 4309 710 4377 secundum
732 4311 863 4378 illorum
889 4313 1069 4402 judicium,
1105 4313 1179 4384 sine
1214 4322 1284 4391 ulla
1313 4346 1373 4392 con·

97 4415 303 4483 damnatione
337 4426 370 4482 at
391 4416 525 4483 maritus
547 4435 686 4505 poenam
709 4418 868 4484 sustinere
902 4416 1014 4486 debuit
1036 4441 1076 4486 ac
1097 4443 1184 4490 uxor
1208 4429 1374 4516 permansit

97 4521 133 4586 in
155 4519 320 4588 domicilio
352 4544 420 4606 suo,
467 4530 499 4587 et
519 4521 727 4617 possessione
748 4521 907 4589 bonorum
933 4524 1004 4590 sine
1026 4528 1116 4593 omni
1138 4528 1370 4621 impedimento,

98 4632 132 4691 et
151 4625 288 4693 maritus
311 4627 461 4694 omnibus
492 4628 619 4715 Pragae
641 4627 736 4694 bonis
764 4628 885 4696 relictis
914 4638 1008 4698 extra
1028 4633 1201 4702 civitatem
1230 4662 1291 4730 per
1310 4658 1369 4728 que

87 4724 166 4799 tuor
199 4752 309 4802 annos
340 4731 479 4806 exulare
508 4730 635 4820 debuit,
674 4731 735 4802 ubi
764 4739 874 4802 tamen
905 4756 968 4804 uec
991 4743 1089 4827 pater
1126 4763 1190 4832 pro
1219 4744 1367 4829 tilianae
